2546 3529
1236 256 1282 290 15

157 388 307 438 quanto
342 384 473 436 magis
506 379 723 421 delectabit
755 362 891 431 poeta!
933 375 1022 424 Qua
1055 388 1126 428 spe
1161 375 1305 415 ductus
1338 375 1483 415 librum
1517 378 1551 415 si
1583 375 1796 424 evolveris,
1830 375 2043 427 deceptum
2076 380 2117 414 te
2150 374 2368 426 intelliges.

158 458 227 498 Nil
254 459 334 497 nisi
359 459 531 508 quatuor
564 453 767 504 simplices
800 461 946 506 versus
973 451 1157 490 invenies
1190 450 1348 500 breves,
1383 450 1563 499 picturae
1596 449 1665 500 qui
1698 448 1998 488 subscribantur
2030 448 2189 500 dignos,
2225 448 2369 500 pictori

154 544 265 583 quae
293 532 433 581 pingat
461 522 712 578 praebentes,
739 526 841 564 nihil
866 526 945 575 ipsi
971 525 1196 574 pingentes.
1250 522 1380 574 Leges
1408 523 1517 560 enim
1543 523 1639 560 haec
1664 523 1765 561 fere:

730 598 786 639 Οἱ
810 598 855 639 δε
879 602 975 638 &sot
999 611 1081 648 παρ
1110 599 1209 648 Ζηνι
1234 600 1461 647 καθημενοι
1485 589 1722 646 ἠγοροωντο

726 681 885 727 χρυσεῳ
912 670 957 711 ἐν
983 670 1156 725 δοσεεδῲ,
1186 684 1284 722 μετα
1311 670 1356 709 δε
1382 676 1499 721 σφισι
1523 680 1667 707 actvm
1690 661 1788 719 Ἡβη

729 748 889 796 Nemeo
914 743 1106 800 ἐῳνοχοει
1132 756 1140 764 ·
1167 757 1232 782 τοι
1261 743 1305 782 δε
1329 750 1524 794 χρυσεοις
1552 741 1749 780 aenaeam„

728 814 1140 870 Δειδεχατ’ἆλλήλοις,
1171 820 1331 868 Τρωων
1355 819 1475 855 πολιν
1501 816 1772 864 εἰςοροωντες.

158 896 273 936 Haec
307 908 403 935 sane
436 908 487 935 ne
515 894 753 945 Apollonius
786 891 949 943 quidem
983 894 1053 929 aut
1087 891 1223 929 neseio
1257 890 1348 940 quis
1384 889 1488 927 alius
1522 889 1652 938 magis
1686 889 1807 926 etiam
1842 889 2049 927 mediocris
2083 896 2197 939 poeta
2233 894 2367 930 minus

161 968 263 1008 bene
277 968 459 1007 dixisset.
500 966 548 1006 In
562 967 636 1006 hac
651 967 777 1019 igitur
790 977 834 1005 re
848 964 1052 1004 Homerus
1073 975 1153 1003 non
1174 963 1308 1001 minus
1331 961 1498 1001 inferior
1518 965 1580 1000 est
1600 961 1754 1011 pictori,
1775 973 1895 1012 quam
1915 963 1957 1000 in
1979 963 2048 1001 illa
2067 965 2193 1014 pictor
2214 970 2366 1014 poetae.

350 1040 518 1078 Accedit
545 1040 649 1090 quod
675 1039 823 1088 Caylus
850 1040 934 1076 toto
960 1019 1100 1087 quarto
1127 1035 1265 1074 Iliadis
1292 1034 1392 1073 libro
1420 1035 1500 1072 nisi
1528 1036 1570 1072 in
1597 1035 1660 1072 his
1681 1038 1853 1084 quatuor
1874 1035 2055 1074 versibus
2076 1037 2226 1075 nullam
2247 1038 2365 1077 aliam

162 1115 318 1153 invenit
334 1109 548 1165 picturam.
602 1112 724 1152 Liber
744 1115 923 1163 quartus,
950 1110 1094 1161 inquit,
1122 1113 1478 1160 quantumcunque
1500 1113 1542 1147 et
1555 1110 1676 1147 variis
1692 1109 1741 1147 ad
1755 1109 2015 1160 pugnandum
2030 1087 2368 1151 exhortationibus

163 1191 204 1228 et
231 1187 415 1228 ubertate
443 1186 742 1239 splendidarum
769 1190 810 1225 et
837 1173 1141 1235 conspicuarum
1173 1195 1431 1234 personarum
1457 1187 1498 1222 et
1525 1183 1622 1222 artis
1648 1183 1915 1233 praestantia,
1943 1195 2022 1234 qua
2048 1188 2164 1234 poeta
2190 1186 2369 1225 multitu-

162 1262 297 1299 dinem
325 1265 519 1299 monstrat
546 1259 795 1308 movendam,
823 1245 998 1308 excellit,
1030 1258 1173 1308 pictori
1201 1262 1338 1294 tamen
1365 1256 1466 1295 nihil
1493 1256 1668 1307 praebet,
1703 1256 1809 1307 quod
1838 1257 2005 1307 pingere
2031 1257 2166 1308 possit.
2219 1256 2371 1305 Quibus

162 1334 296 1373 verbis
324 1335 392 1373 ille
421 1335 518 1373 haec
546 1334 675 1384 potuit
702 1332 865 1371 addere:
902 1335 1281 1382 „quantumcunque
1310 1330 1486 1368 abundat
1513 1331 1699 1380 picturis,
1734 1342 1837 1380 quae
1863 1331 2137 1380 nominantur,
2172 1333 2370 1381 poeticis.“

163 1406 274 1454 Quae
302 1419 399 1446 sane
428 1408 469 1445 in
496 1410 637 1457 quarto
664 1404 766 1444 libro
793 1408 956 1444 exstant
982 1408 1066 1443 tam
1092 1404 1325 1454 frequentes
1351 1407 1515 1454 tamque
1548 1404 1768 1453 perfectae,
1803 1416 1924 1454 quam
1959 1405 2002 1441 in
2035 1404 2118 1441 ullo
2151 1405 2228 1442 alio
2262 1405 2371 1444 libro.

164 1479 245 1519 Ubi
274 1480 383 1519 enim
411 1483 544 1519 exstat
571 1480 728 1530 pictura
754 1481 796 1517 et
821 1478 951 1529 magis
979 1476 1110 1531 ampla
1137 1481 1178 1516 et
1205 1488 1299 1515 vero
1326 1476 1505 1525 similior,
1533 1489 1654 1527 quam
1681 1489 1759 1527 qua
1783 1475 1991 1516 Pandarus
2011 1477 2178 1528 fingitur
2196 1477 2374 1517 Minerva

174 1557 338 1592 auctore
367 1553 566 1604 sagittam,
594 1555 640 1590 ut
667 1551 844 1590 indutias
873 1549 1127 1601 solveret,*in
1145 1548 1375 1589 Menelaum
1403 1550 1580 1599 mittens,
1609 1554 1678 1588 aut
1705 1563 1783 1601 qua
1803 1551 2006 1589 exercitus
2026 1552 2266 1589 Graecorum
2286 1563 2373 1602 pro·

163 1626 359 1675 ficiscens,
388 1630 457 1663 aut
484 1637 562 1676 qua
588 1626 763 1675 impetus
789 1625 991 1674 utrimque
1017 1623 1160 1673 factus,
1188 1627 1258 1661 aut
1285 1622 1428 1661 Ulixes
1455 1627 1624 1661 mortem
1651 1622 1777 1661 Leuci
1803 1624 1866 1662 sui
1895 1624 2121 1663 ulciscens?

355 1697 460 1744 Quid
487 1697 579 1737 inde
608 1698 809 1749 sequitur,
844 1696 949 1749 quod
977 1700 1018 1736 et
1046 1708 1098 1736 ex
1126 1694 1460 1747 splendidissimis
1486 1693 1653 1735 Homeri
1680 1695 2016 1747 descriptionibus
2049 1710 2200 1748 paucae
2235 1699 2376 1737 artifici

166 1775 283 1823 aptae
310 1775 404 1810 sunt
431 1770 481 1809 ad
508 1771 758 1822 pingendum
786 1775 827 1809 et
854 1770 1001 1809 artifex
1026 1783 1078 1809 ex
1105 1770 1215 1808 illius
1242 1769 1430 1819 operibus
1455 1770 1604 1808 multas
1632 1773 1768 1820 petere
1795 1775 1927 1821 potest
1954 1773 2149 1822 picturas,
2184 1784 2282 1823 quas
2308 1772 2376 1810 ille

166 1857 247 1885 non
274 1844 420 1884 habet?
455 1843 559 1895 quod
589 1856 678 1895 eae,
707 1856 806 1896 quas
833 1843 955 1883 habet
982 1856 1161 1895 quasque
1190 1843 1338 1882 artifex
1365 1842 1415 1882 ab
1443 1855 1490 1882 eo
1518 1847 1744 1893 mutuatur,
1772 1845 1843 1883 vix
1871 1845 2091 1885 mediocres
2120 1851 2273 1896 essent,
2300 1847 2377 1884 nisi

164 1920 281 1969 plura
307 1922 590 1968 proponerent,
618 1930 739 1968 quam
765 1929 868 1968 quae
895 1917 1044 1955 artifex
1069 1916 1222 1968 fingere
1249 1917 1431 1967 poterat?
1466 1915 1568 1962 Quid
1597 1917 1690 1956 inde
1719 1919 1918 1969 sequitur,
1946 1919 2122 1969 inquam,
2149 1920 2228 1958 nisi
2254 1924 2299 1958 ut
2319 1933 2377 1970 ca,

166 2004 287 2041 quam
321 1994 440 2029 antea
474 1991 589 2039 posui
623 1991 916 2040 quaestionem,
959 1991 1012 2028 sit
1046 1990 1257 2039 neganda?
1298 1994 1344 2027 ut
1377 2001 1430 2027 ex
1464 1991 1631 2039 picturis
1665 1991 1714 2028 ab
1749 1990 1915 2029 Homeri
1949 1991 2192 2030 carminibus
2233 1994 2378 2044 petitis,

167 2067 363 2115 quotquot
388 2066 429 2101 et
450 2075 569 2114 quam
591 2063 823 2115 splendidae
844 2064 935 2113 sint,
962 2064 1063 2102 nihil
1084 2065 1137 2101 sit
1159 2063 1477 2103 concludendum
1498 2063 1548 2102 de
1569 2063 1761 2103 facultate
1775 2069 1916 2115 poetae
1935 2077 2019 2105 rem
2033 2065 2165 2105 verbis
2181 2066 2381 2117 pingendi.

1220 2320 1281 2359 XI
1287 2322 1331 2359 V.

364 2433 478 2479 Quod
505 2434 539 2471 si
568 2435 623 2472 ita
650 2437 724 2484 est,
750 2435 785 2472 si
813 2447 974 2474 carmen
1000 2436 1147 2474 multas
1174 2436 1365 2486 praebere
1393 2440 1523 2485 potest
1549 2438 1727 2485 picturas
1755 2438 1910 2487 artifici,
1938 2438 2045 2488 quod
2066 2439 2197 2489 ipsum
2221 2439 2383 2489 picturis

171 2509 292 2557 caret,
320 2506 383 2545 sin
410 2518 583 2557 carmen,
611 2506 718 2558 quod
743 2507 875 2558 ipsum
901 2520 967 2548 res
993 2508 1126 2548 verbis
1153 2510 1301 2560 optime
1329 2511 1473 2562 pingit,
1500 2510 1653 2550 nullam
1673 2510 1838 2562 praebet
1859 2513 2069 2552 materiam
2091 2513 2243 2564 pictori,
2267 2511 2381 2550 valde

172 2591 268 2618 sane
296 2584 402 2618 errat
427 2580 593 2631 anlus,
625 2581 695 2631 qui
728 2582 870 2632 quanti
904 2582 1144 2621 aestimandi
1178 2584 1260 2621 sint
1299 2587 1441 2634 poetae
1481 2588 1671 2636 tanquam
1705 2585 1870 2624 obrussa
1904 2585 2122 2625 diiudicare
2156 2586 2282 2624 voluit
2314 2597 2384 2635 pro

171 2653 351 2703 materia,
378 2665 498 2704 quam
525 2653 742 2704 praebeant
768 2654 819 2692 ad
845 2656 1093 2706 pingendum
1120 2656 1262 2694 artifici
1290 2661 1331 2695 et
1357 2659 1645 2707 praestantiam
1672 2670 1809 2696 eorum
1836 2659 2080 2697 metiebatur
2106 2670 2270 2697 numero
2299 2659 2381 2708 pic-

171 2728 365 2776 turarum,
393 2737 492 2778 quas
519 2726 738 2777 praebeant
766 2727 919 2777 pictori.

361 2797 422 2838 Ne
455 2798 580 2850 igitur
610 2799 704 2839 huic
737 2801 860 2840 errori
893 2801 1053 2841 silentio
1084 2803 1363 2853 praetermisso
1397 2797 1622 2842 tribuamus
1656 2805 1856 2855 quandam
1890 2807 2051 2857 regulae
2086 2806 2388 2845 auctoritatem.

173 2867 301 2913 Quem
328 2871 363 2907 si
389 2870 667 2923 probaremus,
699 2872 910 2913 Miltonem
937 2875 1018 2913 iam
1045 2876 1161 2925 quasi
1193 2876 1450 2915 innocentem
1483 2877 1781 2916 immolaremus
1814 2879 2028 2917 victimam.
2088 2878 2240 2917 Revera
2276 2877 2388 2915 enini

174 2940 279 2992 quod
306 2939 454 2991 Caylus
482 2947 743 2997 contemptim
769 2946 819 2986 de
846 2959 894 2986 eo
921 2947 1072 2987 iudicat
1099 2961 1179 2987 non
1206 2954 1289 2988 tam
1316 2962 1369 2989 ex
1398 2952 1601 2989 communi
1623 2951 1975 3002 Francogallorum
2004 2952 2161 3000 iudicio,
2189 2962 2309 3000 quam
2334 2963 2390 2988 ex

173 3015 266 3052 ficta
292 3014 362 3052 illa
389 3016 529 3065 regula
555 3018 778 3066 profectum
805 3030 894 3058 esse
920 3019 1090 3059 videtur.
1152 3019 1307 3072 „Nulla,
1335 3023 1478 3074 inquit,
1506 3024 1584 3062 alia
1612 3036 1654 3062 re
1682 3023 1825 3063 Milton
1853 3025 1995 3063 similis
2022 3025 2179 3064 videtur
2206 3022 2387 3062 Homero

176 3088 255 3137 nisi
287 3088 515 3126 caecitatef‘
568 3088 748 3128 Miltonis
783 3103 944 3131 carmen
978 3105 1075 3132 sane
1108 3106 1187 3132 non
1222 3095 1360 3146 habet,
1398 3108 1476 3147 quo
1511 3098 1743 3148 repleantur
1780 3099 2072 3149 pinacothecae.
2125 3098 2180 3136 At
2214 3108 2308 3136 vcro
2342 3099 2393 3147 si,
