2546 3529
1257 309 1308 345 24

163 425 322 475 poetae)
348 425 400 464 iis
432 439 582 477 magna
616 441 709 467 cum
742 430 921 468 utilitate
953 436 1119 481 possunt
1151 433 1222 470 uti.
1283 432 1421 469 Veluti
1448 418 1653 483 vergilius
1684 433 1727 469 in
1755 431 1960 480 Georgicis
1991 441 2154 467 vaccam
2188 429 2380 468 describit

163 496 324 538 feturae
350 498 527 540 habilem
555 501 618 541 his
644 502 794 542 verbis:

675 587 728 593 —
755 586 805 593 —
835 587 883 594 —
913 565 1074 618 Optima
1099 569 1236 606 torvae

674 628 818 665 Forma
843 629 968 677 bovis,
996 631 1062 665 cui
1089 634 1205 679 turpe
1232 634 1363 680 caput,
1390 632 1455 667 cui
1481 631 1654 680 plurima
1681 632 1829 679 cervix,

672 690 725 729 Et
753 702 913 729 crurum
940 694 1059 729 tenus
1087 704 1111 729 a
1136 695 1272 730 mento
1299 692 1477 741 palearia
1501 692 1689 742 pendent.

673 750 772 789 Tum
799 751 919 801 longo
947 751 1082 789 nullus
1110 752 1227 790 lateri
1254 752 1412 791 modus:
1441 755 1576 793 omnia
1601 766 1765 806 magna:

669 814 748 852 Pes
775 815 910 862 etiam,
935 818 978 851 et
1004 816 1178 851 camuris
1204 815 1334 852 hirtae
1363 815 1437 852 sub
1465 816 1652 854 cornibus
1677 829 1804 855 aures.

669 874 754 915 Nec
781 876 880 915 mihi
907 874 1118 927 displiceat
1143 875 1313 915 maculis
1340 875 1511 927 insignis
1538 880 1580 916 et
1607 877 1710 927 albo,

667 939 752 976 Aut
779 940 876 988 iuga
901 938 1141 986 detrectans,
1168 937 1450 987 interdumque
1478 949 1618 989 aspera
1644 950 1779 990 cornu,

666 1000 719 1038 Et
745 1001 889 1039 faciem
918 1005 1034 1038 tauro
1061 1001 1257 1051 proprior3
1285 1010 1468 1049 quaeque
1498 1000 1622 1039 ardua
1651 1005 1746 1051 tota,

663 1061 717 1100 Et
744 1063 931 1113 gradiens
959 1064 1039 1101 ima
1065 1063 1188 1100 vertit
1213 1063 1385 1112 vestigia
1413 1062 1553 1100 cauda.

158 1125 224 1163 vel
250 1125 435 1176 pulcrum
456 1126 549 1174 equi
575 1125 732 1176 pullum
759 1126 838 1164 his:

666 1210 714 1216 —
746 1210 797 1217 —
823 1211 876 1217 —
903 1209 955 1216 —
982 1188 1042 1226 illi
1069 1188 1192 1226 ardua
1221 1188 1359 1225 cervix

664 1253 946 1303 Argutumque
974 1255 1104 1301 caput,
1133 1250 1265 1289 brevis
1294 1250 1419 1299 alvus,
1453 1249 1653 1299 obesaque
1680 1254 1811 1300 terga3

664 1313 941 1363 Luxuriatque
968 1315 1065 1351 toris
1093 1314 1316 1351 animosum
1343 1316 1483 1362 pectus
1510 1317 1585 1350 etc.

154 1374 254 1421 Quis
281 1376 390 1414 enim
418 1380 497 1426 est,
525 1377 596 1425 qui
623 1388 703 1415 non
731 1376 947 1427 intelligat,
975 1379 1133 1426 poetam
1161 1376 1204 1413 in
1231 1375 1292 1413 his
1319 1374 1570 1425 singularum
1597 1375 1729 1425 potius
1757 1379 1958 1426 spectasse
1986 1377 2159 1427 partium
2187 1378 2362 1430 descrip-

153 1449 315 1499 tionem,
344 1457 465 1499 quam
492 1450 552 1488 rei
575 1451 700 1488 totius
728 1449 972 1501 imaginem?
998 1448 1110 1495 Quae
1136 1449 1294 1500 propria
1322 1451 1416 1486 sunt
1443 1447 1572 1498 pulcri
1599 1448 1699 1499 pulli
1726 1449 1876 1499 equini,
1903 1461 2006 1499 quae
2033 1463 2178 1490 vaccae
2206 1451 2364 1491 feturae

152 1522 297 1560 habilis
324 1528 552 1572 enumerat,
585 1529 631 1562 ut
658 1536 711 1562 ex
736 1525 885 1561 maiore
913 1525 1116 1560 minoreve
1143 1534 1281 1560 eorum
1309 1533 1494 1570 numerO,
1528 1521 1624 1569 quid
1651 1522 1715 1558 hic
1749 1522 1900 1572 valeat,
1934 1523 2031 1571 quid
2064 1524 2134 1562 illa
2169 1526 2367 1574 possimus

152 1581 390 1645 diiudicare3
418 1608 523 1646 quae
550 1601 687 1636 utrum
714 1597 844 1636 omnia
873 1596 922 1635 ad
945 1596 1142 1634 illustrem
1170 1596 1387 1646 imaginem
1415 1595 1570 1646 possint
1597 1595 1889 1646 comprehendi,
1917 1596 2017 1635 nihil
2046 1601 2169 1636 curat.

338 1668 417 1707 His
444 1671 603 1708 omissis
625 1670 835 1721 ampliores
863 1680 1069 1720 corporum
1098 1668 1396 1719 descriptiones,
1424 1669 1503 1706 nisi
1521 1667 1687 1706 Homeri
1721 1668 1790 1706 illa
1824 1681 1887 1707 ars
1922 1668 2153 1718 adhibetur,
2193 1681 2268 1718 qua
2303 1683 2366 1708 res

151 1740 194 1777 in
222 1741 351 1790 spatio
379 1742 459 1779 alia
487 1743 603 1780 iuxta
630 1742 750 1780 aliam
776 1743 928 1791 positae
955 1745 1168 1779 nascentes
1195 1741 1274 1778 alia
1301 1744 1391 1791 post
1423 1740 1543 1778 aliam
1578 1744 1869 1790 monstrantur,
1910 1753 2068 1792 semper
2103 1754 2127 1779 a
2159 1746 2364 1792 praestan-

149 1813 317 1852 tissimis
344 1814 442 1853 artis
470 1813 812 1857 existimatoribus
837 1813 973 1865 frigidi
1001 1814 1208 1866 ineptique
1235 1813 1348 1852 lusus
1376 1816 1471 1852 sunt
1497 1811 1669 1863 habitae,
1698 1814 1768 1863 qui
1795 1817 1864 1852 aut
1891 1813 2090 1854 modiocre
2114 1818 2184 1853 aut
2204 1815 2361 1854 nullum

149 1886 401 1936 postularent
427 1888 649 1937 ingenium.
704 1886 801 1925 Mali
827 1890 979 1938 poetae,
1008 1888 1138 1935 inquit
1164 1886 1368 1936 Horatius,
1394 1887 1428 1924 si
1458 1898 1537 1924 non
1565 1886 1714 1924 habent
1742 1886 1846 1936 quod
1875 1886 2021 1936 dicant,
2050 1887 2187 1925 lucum
2213 1887 2362 1925 descri-

149 1959 252 1998 bunt
277 1972 449 2010 aramve,
477 1961 541 1999 vel
569 1962 700 1999 rivum
729 1973 800 2011 per
825 1972 1011 1999 amoenos
1039 1973 1155 2010 agros
1183 1964 1422 2011 serpentem,
1449 1944 1682 1998 vel'fliunen
1703 1960 1898 2011 rapidum,
1925 1972 2061 1998 arcum
2082 1961 2255 2010 denique
2274 1973 2364 1999 cac-

148 2033 304 2071 lestem.
360 2032 499 2072 Utitur
525 2035 635 2072 enim
663 2035 725 2072 his
752 2033 901 2072 verbis:

656 2118 709 2124 —
735 2118 787 2125 —
813 2118 864 2124 —
890 2118 942 2125 —
968 2095 1100 2135 Lucus
1127 2100 1168 2135 et
1195 2108 1264 2134 ara
1289 2095 1458 2152 Dianae,

656 2159 709 2197 Et
734 2161 981 2210 properantis
1008 2171 1135 2208 aquae
1163 2171 1234 2210 per
1260 2171 1446 2197 amoenos
1475 2158 1648 2196 ambitus
1676 2171 1804 2209 agros,

655 2222 740 2260 Aut
764 2221 913 2260 flumen
941 2221 1145 2271 Rhenum,
1174 2225 1244 2260 aut
1271 2222 1431 2272 pluvius
1459 2218 1699 2259 describitur
1725 2233 1852 2269 arcus,

143 2283 280 2334 Atque
307 2283 438 2335 Pope,
467 2295 559 2322 cum
585 2284 648 2321 vir
674 2286 781 2322 esset
806 2283 953 2334 factus,
982 2295 1083 2333 quae
1101 2284 1197 2334 ipse
1225 2283 1457 2322 adolescens
1486 2287 1762 2335 composuerat
1789 2285 1966 2322 carmina
1995 2283 2262 2323 describentia
2290 2285 2358 2323 ad-

141 2357 304 2394 modum
333 2356 591 2406 despiciebat.
646 2355 723 2400 Qui
751 2357 857 2393 enim
884 2360 1024 2406 poetae
1051 2357 1213 2393 nomine
1240 2356 1340 2393 velit
1366 2356 1513 2404 dignus
1538 2355 1694 2404 haberi,
1728 2358 1766 2394 ei
1794 2357 1922 2406 prima
1954 2358 2032 2393 iam
2068 2360 2198 2394 aetate
2234 2357 2357 2395 abici-

140 2429 287 2469 endam
315 2442 406 2468 esse
433 2428 685 2467 describendi
714 2429 983 2479 cupiditatem.
1043 2428 1147 2467 Nam
1180 2441 1341 2466 carmen
1369 2430 1537 2479 picturis
1564 2429 1728 2479 plenum
1755 2430 1887 2467 simile
1916 2441 2004 2467 esse
2031 2429 2239 2479 epularum
2258 2432 2356 2468 iuri-

140 2501 215 2539 bus
242 2501 338 2540 solis
367 2500 629 2539 conditarum.
684 2498 901 2540 Kleistium
927 2512 1021 2540 vero
1049 2504 1157 2540 certo
1185 2501 1267 2538 scio
1295 2500 1472 2539 carmine
1501 2512 1584 2551 suo,
1612 2500 1717 2551 quod
1745 2512 1816 2540 ver
1837 2501 2052 2553 inscripsit,
2081 2501 2246 2541 minime
2265 2513 2354 2542 esse

137 2575 364 2624 gloriatum.
419 2572 498 2618 Qui
525 2573 559 2610 si
587 2573 739 2610 diutius
765 2575 947 2623 vixisset,
985 2575 1153 2612 formam
1180 2574 1268 2611 eius
1294 2584 1454 2625 prorsus
1482 2577 1689 2611 mutasset.
1744 2573 2039 2625 circumspexit
2073 2574 2181 2629 enim
2209 2575 2354 2623 animo,

136 2647 334 2697 quomodo
361 2646 412 2686 ad
439 2646 647 2685 meliorem
669 2648 757 2685 eam
785 2646 975 2696 dirigeret
1001 2648 1214 2697 rationem,
1249 2648 1525 2698 cogitavitque
1559 2648 1755 2695 quomodo
1789 2648 2077 2698 descriptiones
2109 2648 2353 2697 frequentes,

135 2733 235 2771 quas
268 2733 321 2760 ex
355 2722 554 2759 immenso
587 2720 716 2770 spatio
751 2722 917 2758 naturae
948 2732 1042 2759 vere
1074 2721 1357 2759 revirescentis
1390 2723 1542 2759 temere
1576 2721 1670 2759 hinc
1704 2720 1866 2759 illincve
1906 2720 2120 2760 videbatur
2159 2721 2352 2771 rapuisse,

132 2795 273 2833 ordine
299 2797 471 2832 naturae
499 2792 755 2830 accomodato
782 2797 992 2831 nascentes
1019 2793 1146 2831 oculis
1174 2793 1374 2831 subiceret
1401 2793 1580 2842 aliasque
1618 2793 1718 2831 alias
1751 2797 1966 2845 sequentes
1999 2793 2162 2832 faceret.
2215 2793 2351 2844 Atque

132 2867 253 2906 simul
285 2866 327 2905 id
361 2867 527 2905 fecisset
562 2864 668 2916 quod
698 2863 937 2903 Marmontel
972 2865 1130 2917 eclogas
1163 2867 1251 2904 eius
1286 2866 1373 2904 sine
1413 2865 1534 2904 dubio
1574 2867 1794 2917 respiciens
1833 2866 2015 2917 pluribus
2058 2866 2186 2904 sua-sit
2222 2867 2351 2916 poetis

126 2940 399 2989 Germanicis,
434 2939 579 2978 seriem
614 2937 926 2987 descriptionum
962 2938 1095 2988 inopia
1132 2937 1349 2977 affectuum
1382 2937 1728 2989 languescentium
1764 2938 1806 2977 in
1842 2939 1985 2977 seriem
2015 2938 2232 2978 affectuum
2261 2937 2351 2977 des-

127 3012 393 3063 criptionibus
420 3022 509 3050 raro
535 3013 812 3061 pertextorum
838 3013 1044 3049 mutasset.
