2546 3529
1222 252 1269 286 11

140 379 373 433 fingendae,
401 390 504 429 quae
531 388 691 416 omnem
717 375 978 430 industriam,
1002 384 1250 432 omnemque
1276 373 1383 411 diem
1410 373 1609 425 absumat,
1641 375 1717 412 erit
1745 373 1990 424 quaerenda,
2024 372 2095 411 sed
2121 371 2245 409 altius
2272 369 2351 408 erit

142 453 361 506 repetenda
388 455 430 491 et
455 451 592 489 nescio
620 461 670 487 an
698 449 742 486 in
769 459 818 486 ea
843 459 900 497 re,
926 458 1007 496 qua
1033 458 1097 484 ars
1116 446 1311 497 impedita
1325 447 1588 497 voluptasque
1606 448 1816 486 videbatur
1834 449 2059 497 imminuta,
2086 447 2167 484 iam
2189 445 2352 495 sapiens

142 528 243 577 quin
270 527 394 565 etiam
420 524 534 562 utilis
561 521 811 559 continentia
838 518 1002 557 artificis
1031 520 1084 557 sit
1109 519 1321 558 laudanda.
1376 518 1516 568 Neque
1531 522 1664 570 timeo,
1686 533 1738 559 ne
1756 533 1859 570 quae
1877 522 2078 572 posuerim
2097 517 2352 571 experientia

142 598 418 652 reprobentur.
472 594 653 634 Pictores
677 593 786 632 enim
813 591 942 632 bonae
966 591 1080 642 Cayli
1107 592 1307 631 voluntati
1332 593 1502 643 gratiam
1529 593 1689 642 quidem
1715 593 1928 645 habebunt,
1956 593 2026 633 sed
2053 594 2123 632 vix
2143 596 2253 645 puto,
2281 601 2352 630 eos

144 673 311 712 consilio
337 671 442 718 eius,
481 667 667 716 quotiens
694 666 780 717 ipse
808 668 958 717 speret,
990 676 1134 704 usuros
1161 677 1260 704 esse.
1315 664 1429 711 Quod
1456 666 1490 703 si
1516 669 1652 704 tamen
1678 666 1806 717 fieret,
1841 672 2002 706 centum
2029 668 2145 705 annis
2172 668 2353 717 praeter-

145 746 269 797 lapsis
295 753 398 781 novo
425 751 524 790 opus
558 742 666 777 esset
693 737 834 789 Caylo,
868 738 938 787 qui
968 742 1107 776 vetera
1138 739 1181 776 in
1213 739 1445 777 memoriam
1483 743 1686 776 revocaret
1719 739 1962 789 exemplaria
1995 739 2268 788 artificemque
2303 748 2352 775 eo

146 817 374 864 reduceret,
409 811 516 850 unde
544 815 638 850 ante
666 823 759 850 eum
784 810 902 849 multi
931 810 1198 849 immortalem
1224 814 1467 862 paraverunt
1494 810 1665 848 laudem.
1719 811 1782 848 An
1810 812 1876 848 cui
1902 812 1944 850 in
1975 815 2151 851 mentem
2184 811 2353 861 venerit,

147 887 449 928 multitudinem
476 897 558 922 non
584 885 717 922 minus
743 896 832 923 esse
859 884 1033 933 doctam,
1069 895 1188 931 quam
1216 886 1468 922 existimator
1494 884 1686 922 librorum
1713 896 1786 933 ope
1812 885 1941 922 factus
1974 887 2025 922 sit
2065 887 2181 932 eique
2214 896 2354 922 omnes

146 966 190 1002 et
215 960 472 999 historiarum
500 961 541 997 et
568 957 795 1000 fabularum
821 969 887 996 res
915 961 1030 995 notas
1057 968 1157 1006 esse,
1185 956 1293 996 unde
1321 958 1479 1008 pictura
1502 958 1636 1006 aliqua
1663 957 1802 1008 pulcra
1821 962 1953 1007 posset
1972 957 2178 1008 componi?
2205 956 2354 1002 Quam-

147 1047 270 1087 quam
295 1045 376 1073 non
404 1030 566 1082 quidem
593 1042 696 1082 nego
723 1029 1033 1082 praeferendum
1058 1030 1203 1081 fuisse,
1249 1031 1282 1069 si
1311 1030 1483 1070 artifices
1511 1030 1604 1070 inde
1638 1043 1662 1070 a
1687 1030 1880 1083 Raphaeli
1915 1034 2044 1070 aetate
2078 1043 2156 1070 non
2193 1030 2355 1082 quidem

148 1109 300 1159 Ovidii,
337 1106 407 1145 sed
433 1105 599 1151 Homeri
627 1105 806 1143 carmina
834 1105 1128 1156 compilassent.
1184 1103 1297 1151 Quod
1324 1106 1512 1156 quoniam
1541 1116 1621 1143 non
1648 1105 1847 1154 fecerunt,
1882 1116 1932 1143 ne
1959 1104 2163 1144 turbemus
2196 1105 2353 1155 vulgus,

151 1194 253 1222 neve
281 1181 530 1230 voluptatem
557 1179 596 1217 ei
619 1178 747 1229 pluris
773 1178 1005 1229 vendamus,
1035 1190 1156 1229 quam
1182 1190 1254 1229 par
1280 1182 1353 1216 est.

341 1253 557 1303 Protogeni
585 1251 759 1302 quidem,
793 1264 884 1290 cum
910 1252 1142 1290 Aristotelis
1169 1255 1339 1290 matrem
1365 1252 1575 1302 pinxisset,
1603 1256 1794 1302 quantam
1820 1252 2076 1303 philosophus
2103 1251 2264 1289 solverit
2291 1263 2359 1301 pc-

153 1328 313 1366 cuniam
340 1326 492 1373 nescio,
535 1323 748 1361 consilium
775 1327 910 1364 autem
937 1325 976 1362 ei
1002 1323 1113 1362 dedit
1138 1323 1204 1362 vel
1231 1324 1351 1374 pretii
1378 1323 1463 1361 loco
1490 1323 1556 1361 vel
1582 1325 1710 1374 pretio
1738 1323 1935 1374 additum,
1977 1323 2081 1373 quod
2116 1323 2241 1361 multo
2276 1327 2361 1361 erat

153 1402 281 1453 pretio
317 1400 403 1450 ipso
441 1396 736 1449 praestabilius
805 1396 940 1435 Suasit
972 1398 1081 1435 enim
1113 1397 1152 1435 ei
1185 1386 1290 1447 quod
1324 1408 1405 1434 non
1437 1395 1627 1434 adulandi
1659 1408 1779 1435 causa
1811 1397 1965 1435 factum
1996 1402 2109 1447 puto,
2151 1397 2219 1435 sed
2257 1397 2361 1447 quod

153 1475 317 1514 artificis
345 1483 433 1510 esse
460 1470 665 1508 intellexit
692 1481 811 1520 opera
836 1482 1055 1521 proponere
1083 1469 1268 1507 omnibus
1295 1470 1523 1520 perspicua,
1552 1475 1597 1507 ut
1623 1470 1845 1508 Alexandri
1872 1482 1935 1508 res
1963 1471 2167 1521 pingeret,
2194 1482 2290 1520 quas
2317 1475 2363 1509 ut

154 1553 242 1586 tum
268 1545 430 1597 quidem
457 1543 637 1581 omnium
664 1543 706 1580 in
733 1554 800 1581 ore
828 1547 963 1593 erant,
997 1543 1055 1581 ita
1082 1554 1133 1581 ne
1161 1542 1265 1592 apud
1293 1545 1471 1593 posteros
1499 1542 1661 1593 quidem
1689 1542 1880 1581 oblivioni
1907 1543 2045 1581 datum
2080 1544 2130 1581 iri
2157 1543 2362 1593 praevidit.

153 1620 268 1668 Quod
296 1618 458 1670 quidem
486 1615 698 1655 consilium
724 1617 998 1668 imprudenter
1025 1616 1094 1654 ille
1121 1615 1332 1666 negligens
1359 1616 1513 1666 impetu
1540 1617 1665 1654 animi
1693 1620 1734 1655 et
1761 1616 1933 1668 quadam
1967 1618 2065 1655 artis
2100 1616 2262 1655 libidine
2296 1629 2364 1655 eu-

153 1694 401 1746 piditatequc
442 1702 576 1729 rerum
617 1689 867 1740 singularum
906 1693 947 1728 et
987 1688 1245 1728 obscurarum
1285 1689 1335 1727 ad
1380 1701 1541 1740 prorsus
1580 1689 1679 1728 alias
1724 1689 1920 1728 adductus
1953 1694 2014 1728 est
2049 1703 2113 1729 res
2146 1690 2363 1742 fingendas.

154 1769 333 1819 Ialysum
360 1769 469 1807 enim
497 1766 640 1805 maluit
665 1765 831 1816 pingere
859 1767 900 1803 et
927 1763 1134 1815 Cydippen
1161 1764 1320 1815 aliaque
1348 1763 1635 1814 huiuscemodi,
1663 1776 1766 1815 quae
1793 1764 1889 1815 quid
1917 1765 1995 1803 sibi
2022 1766 2222 1804 voluerint
2250 1765 2365 1803 hodie

157 1854 208 1881 110
236 1842 464 1880 divinamus
492 1839 665 1890 quidem.

1216 2098 1310 2138 XII.

343 2202 478 2268 Atque
505 2216 706 2255 Homerus
733 2214 894 2265 quidem
923 2214 1073 2265 duplex
1102 2227 1230 2265 genus
1257 2214 1377 2253 lia-bet
1397 2219 1438 2253 et
1458 2227 1718 2265 personarum
1735 2216 1944 2265 agentium
1962 2220 2004 2254 et
2024 2229 2157 2254 rerum
2176 2221 2365 2266 actarum,

154 2291 328 2330 alterum
352 2301 510 2340 eorum,
537 2300 640 2340 quae
668 2286 742 2326 sub
770 2287 1002 2338 adspectum
1032 2286 1198 2338 cadunt,
1240 2287 1411 2326 alterum
1441 2300 1544 2346 quae
1579 2299 1659 2326 non
1693 2287 1852 2327 cadunt.
1913 2286 1961 2327 In
1994 2289 2161 2339 picturis
2196 2289 2365 2328 alterum

155 2374 236 2400 non
262 2366 394 2412 potest
421 2362 593 2399 discerni
621 2361 670 2398 ab
698 2362 840 2410 altero,
873 2361 1062 2410 quoniam
1089 2361 1132 2397 in
1156 2360 1205 2398 iis
1232 2361 1366 2398 omnia
1393 2360 1467 2399 sub
1494 2361 1728 2411 adspectum
1756 2361 1921 2411 cadunt,
1957 2361 2078 2412 idque
2122 2364 2207 2412 pari
2238 2363 2364 2400 modo.

342 2434 430 2473 Iam
457 2436 491 2473 si
518 2433 666 2484 Caylus
694 2434 891 2484 imagines
924 2433 1145 2483 actionum,
1178 2445 1281 2484 quae
1313 2444 1394 2471 non
1428 2432 1577 2471 cadunt
1610 2433 1684 2472 sub
1716 2433 1967 2484 adspectum,
2003 2436 2191 2473 continuo
2228 2435 2363 2473 ordine

154 2509 356 2558 componit
380 2520 471 2546 cum
498 2520 579 2546 non
606 2508 911 2558 conspicuarum
944 2505 1205 2557 imaginibus,
1248 2508 1283 2545 si
1314 2508 1357 2544 in
1391 2508 1559 2557 picturis
1584 2508 1803 2545 mixtarum
1836 2509 2056 2558 actionum,
2096 2508 2240 2559 quibus
2275 2521 2363 2559 per-

154 2594 276 2620 sonae
304 2585 345 2620 et
372 2582 610 2631 conspicuae
638 2585 680 2619 et
706 2592 787 2618 non
814 2581 1052 2630 conspicuae
1078 2581 1291 2630 intersunt,
1318 2592 1398 2618 non
1426 2584 1640 2629 monstrat,
1676 2586 1745 2618 aut
1772 2583 1906 2631 potius
1933 2586 2153 2620 monstrare
2181 2594 2260 2620 non
2294 2594 2362 2632 po·

155 2658 253 2705 test,
294 2654 489 2706 quomodo
515 2655 608 2705 hae,
647 2666 749 2706 quae
777 2654 855 2693 nisi
882 2653 1079 2705 picturam
1106 2653 1381 2704 spectantibus
1409 2654 1647 2704 conspicuae
1675 2666 1763 2694 esse
1790 2667 1869 2694 non
1899 2660 2079 2706 possunt,
2121 2657 2177 2694 ita
2209 2656 2362 2707 possint

153 2729 267 2779 fingi,
293 2731 340 2766 ut
367 2727 416 2766 ab
443 2726 657 2778 agentibus
683 2728 726 2765 in
752 2727 909 2777 pictura
935 2727 1022 2777 ipsa
1047 2728 1228 2777 personis
1247 2738 1328 2765 non
1347 2731 1573 2777 cernantur,
1604 2728 1669 2767 vel
1688 2732 1797 2768 certe
1817 2740 1897 2767 non
1918 2730 2028 2767 cerni
2047 2730 2199 2779 possint
2222 2728 2359 2778 videri,

154 2801 243 2840 fieri
269 2812 350 2839 non
376 2803 527 2851 potest,
554 2801 653 2851 quin
679 2803 720 2848 et
746 2803 831 2838 tota
858 2800 1080 2851 imaginum
1108 2800 1232 2839 series
1259 2804 1301 2838 et
1328 2801 1510 2851 singulae
1537 2801 1672 2858 plures
1699 2801 1897 2852 imagines
1923 2813 2085 2852 prorsus
2111 2801 2291 2840 turbatae
2317 2804 2360 2839 et

155 2875 281 2912 mirae
309 2877 351 2912 et
377 2874 484 2911 inter
510 2885 553 2911 se
580 2874 865 2911 dissentientes
893 2872 1116 2911 videantur.

345 2944 594 2996 Quamquam
619 2946 693 2985 hoc
719 2947 863 2985 vitium
890 2958 958 2985 eos
984 2958 1065 2984 non
1085 2945 1277 2996 turbabit,
1305 2946 1375 2997 qui
1393 2945 1560 2985 Homeri
1584 2948 1761 2985 carmina
1781 2947 1825 2985 in
1848 2946 2032 2985 manibus
2053 2950 2202 2985 tenent.
2230 2944 2361 2984 Multo

152 3020 292 3058 autem
317 3018 480 3071 gravius
506 3020 584 3069 est,
619 3018 741 3070 quod,
772 3019 807 3057 si
835 3030 859 3057 a
884 3018 1035 3069 pictore
1061 3029 1254 3069 personae
1282 3019 1520 3070 conspicuae
1547 3029 1628 3057 non
1654 3018 1937 3058 discernuntur
1964 3032 1985 3057 a
2013 3031 2092 3057 non
2119 3018 2361 3070 conspicuis,

153 3092 381 3131 necessario
408 3092 554 3144 quibus
580 3093 654 3131 hae
681 3093 905 3143 superiores
932 3094 1136 3143 praestant
1162 3092 1254 3143 illis,
1281 3092 1479 3131 tolluntur
1503 3093 1674 3132 virtutes
1700 3094 1894 3144 propriae.
