2546 3529
1252 248 1300 284 16

154 367 350 418 quamdiu
379 369 443 408 his
471 371 574 410 meis
601 374 694 410 utor
720 370 865 420 oculis,
897 372 1087 422 cogitatio
1114 372 1258 412 iisdem
1292 373 1593 423 circumscripta
1619 376 1727 412 esset
1751 371 1917 421 finibus,
1950 370 2095 421 quibus
2128 369 2252 419 oculi,
2286 381 2375 421 pro-

158 441 280 490 fecte,
310 446 358 481 ut
384 443 461 482 hac
491 443 683 482 liberarer
708 444 1091 494 circumscriptione,
1117 445 1180 483 his
1207 445 1369 484 mallem
1397 457 1544 485 carere.

350 515 494 568 Neque
523 516 699 568 „perdita
727 516 936 556 beatorum
963 516 1103 556 sedes“
1131 516 1311 557 Miltonis
1339 524 1548 569 propterea
1571 519 1675 570 quod
1703 530 1850 569 paucas
1884 518 2047 569 praebet
2078 518 2255 567 picturas
2286 528 2374 567 pro,-

156 587 316 627 ximum
339 589 584 629 carminibus
604 588 770 628 Homeri
792 589 917 640 epicis
937 589 1069 628 locum
1092 599 1286 640 occupare
1311 591 1471 642 desinit,
1498 603 1631 643 neque
1652 593 1845 632 memoria
1865 580 2056 642 laborum,
2075 602 2173 642 quos
2194 588 2376 629 Christus

157 662 409 713 exanclavit,
443 667 651 714 propterea
676 673 746 713 pro
773 649 951 700 carmine
978 665 1040 700 est
1069 662 1269 713 habenda,
1305 663 1410 714 quod
1439 665 1508 702 vix
1536 667 1714 715 tantum,
1748 669 1944 717 quantum
1972 676 2067 704 acus
2093 668 2304 716 punctum,
2332 664 2376 702 in

157 747 208 773 ea
236 739 348 786 potes
375 737 567 785 invenire,
594 736 638 774 in
665 747 743 785 quo
771 746 852 773 non
878 747 1126 774 summorum
1154 736 1354 774 artificum
1381 741 1541 775 versata
1561 738 1616 776 sit
1636 738 1846 777 industria.
1901 739 2120 790 Scriptores
2143 739 2249 777 enim
2271 738 2374 775 sacri

158 821 251 848 cum
278 821 364 849 rem
390 811 553 848 narrent
579 809 756 847 maxima
784 820 875 847 cum
904 808 1180 860 simplicitate,
1216 809 1363 848 artifex
1393 810 1514 849 variis
1540 811 1628 849 eius
1655 811 1837 861 partibus
1864 813 2012 862 utitur,
2046 813 2088 850 in
2115 811 2258 863 quibus
2285 811 2374 850 des-

159 882 361 922 cribendis
387 883 448 921 illi
473 893 525 921 ne
551 882 759 921 minimam
784 881 948 933 quidem
976 882 1172 933 pingendi
1200 882 1434 922 facultatem
1458 882 1738 923 adhibuerunt.
1793 883 1897 923 Sunt
1917 886 2026 924 enim
2045 898 2110 925 res
2132 885 2245 935 aliae,
2272 896 2374 935 quae

156 956 271 1007 pingi
311 958 497 1006 possunt,
540 955 643 994 aliae
686 966 790 1006 quae
824 966 906 993 non
939 959 1125 1006 possunt,
1168 960 1338 1006 quarum
1373 956 1463 994 illas
1495 957 1639 1006 pictori
1672 956 1735 995 vel
1772 957 1949 995 maxime
1983 958 2210 997 commodas
2243 969 2376 997 rerum

154 1029 324 1080 scriptor
350 1040 516 1067 narrans
543 1028 652 1066 omni
681 1031 813 1078 potest
840 1040 975 1067 carere
1002 1028 1194 1079 pingendi
1221 1029 1424 1078 facultate,
1459 1029 1530 1068 has
1557 1029 1699 1080 pictori
1726 1028 1791 1068 vel
1820 1030 1996 1068 maxime
2020 1032 2238 1070 contrarias
2261 1033 2377 1082 poeta

153 1101 402 1153 amplificans
427 1102 579 1152 optime
605 1105 739 1152 potest
765 1101 899 1141 verbis
926 1102 1102 1153 pingere.

343 1174 385 1212 Si
420 1175 511 1224 quis
546 1186 632 1212 rem
660 1174 780 1212 aliter
811 1174 1005 1212 diiudicat
1039 1175 1124 1212 sola
1157 1176 1265 1212 vocis
1301 1175 1565 1224 ambiguitate
1599 1175 1817 1213 seducitur.
1887 1174 2057 1213 Tantum
2094 1178 2229 1213 autem
2263 1176 2376 1214 abest

152 1251 199 1286 ut
226 1259 369 1286 omnes
397 1249 607 1297 poetarum
635 1248 817 1297 picturae
843 1248 997 1297 possint
1023 1249 1137 1297 pingi
1165 1247 1374 1295 coloribus,
1405 1252 1449 1285 ut
1477 1260 1660 1298 quaeque
1688 1249 1881 1286 orationis
1907 1249 2047 1297 forma,
2075 1260 2257 1298 quaeque
2285 1261 2375 1286 ver-

152 1319 293 1358 borum
331 1320 576 1371 complexio,
611 1331 691 1371 qua
724 1322 843 1370 poeta
873 1331 958 1358 rem
993 1324 1075 1358 tam
1110 1320 1339 1359 evidentem
1368 1321 1569 1371 proponit,
1603 1324 1649 1359 ut
1677 1332 1767 1359 eam
1794 1320 2025 1359 distinctius
2054 1321 2186 1359 animo
2215 1322 2373 1372 conspi-

151 1395 320 1444 ciamus,
348 1406 469 1445 quam
498 1393 621 1433 verba
648 1394 746 1444 ipsa,
779 1394 930 1443 pictore
950 1393 1072 1444 digna
1099 1395 1185 1433 sive
1211 1395 1369 1444 pictura
1397 1395 1633 1444 appelletur,
1667 1393 1773 1445 quod
1801 1405 1890 1433 eam
1917 1394 2038 1433 habet
2066 1395 2374 1444 simulationem,

150 1466 274 1518 quam
303 1478 396 1505 cum
423 1467 624 1518 imagines
652 1465 850 1504 coloribus
876 1466 1008 1516 pictae
1036 1465 1182 1505 habere
1210 1466 1381 1515 soleant,
1415 1466 1608 1505 facillime
1635 1466 1766 1518 qualis
1793 1467 1864 1517 sit,
1898 1478 1950 1505 ex
1985 1467 2047 1506 his
2072 1468 2212 1506 animo
2249 1468 2373 1518 perci-

152 1553 248 1593 pere
275 1552 501 1592 possumus.

1218 1790 1309 1830 XV.

349 1906 479 1954 Quam
512 1906 806 1946 simulationem
841 1910 932 1945 cum
969 1918 1045 1945 usu
1078 1906 1293 1946 doceamur
1327 1911 1367 1946 et
1402 1908 1653 1958 experientia
1692 1907 1862 1946 aliarum
1895 1918 2070 1958 quoquc,
2112 1910 2232 1958 atque
2271 1918 2374 1957 quae

155 1982 286 2021 oculis
313 1984 550 2030 cernuntur,
585 1991 718 2018 rerum
753 1979 1022 2030 descriptione
1057 1993 1080 2018 a
1113 1981 1243 2030 postis
1278 1980 1402 2030 effici,
1437 1981 1585 2019 artifex
1619 1981 1759 2019 multis
1790 1981 2013 2030 imaginum
2046 1979 2262 2031 generibus
2294 1991 2375 2017 non

154 2058 290 2106 potest
316 2065 398 2093 non
425 2064 572 2102 carere,
598 2064 701 2104 quae
730 2053 943 2103 praecipua
970 2056 1064 2091 sunt
1090 2055 1244 2103 poetae.
1299 2052 1438 2092 Veluti
1466 2052 1645 2103 Drydeni
1672 2054 1850 2092 carmine
1880 2054 1924 2091 in
1958 2052 2065 2091 diem
2098 2052 2247 2092 festum
2276 2051 2375 2091 Cae-

155 2128 276 2167 ciliae
303 2126 525 2178 composito
552 2125 772 2177 permultae
799 2126 997 2177 imagines
1024 2127 1133 2164 sonis
1159 2125 1378 2177 finguntur,
1407 2138 1510 2177 quae
1536 2126 1725 2178 penicillo
1751 2126 1864 2178 pingi
1891 2137 1972 2164 non
1999 2126 2165 2177 possint.
2227 2124 2373 2172 Quam-

155 2213 276 2253 quam
305 2199 399 2238 nolo
425 2198 602 2250 proferre
629 2198 824 2250 exempla,
851 2198 998 2249 quibus
1026 2199 1125 2237 nihil
1155 2199 1239 2237 fero
1267 2199 1375 2237 aliud
1404 2194 1603 2250 appareat,
1630 2200 1709 2237 nisi
1737 2199 1888 2237 colores
1916 2210 1995 2237 non
2024 2210 2113 2237 esse
2140 2209 2269 2248 sonos,
2303 2210 2373 2237 ne-

155 2286 235 2325 que
263 2284 383 2313 aures
408 2271 556 2311 oculos.

281 2380 283 2382 .
348 2346 428 2387 Sed
456 2347 759 2397 conspicuamm
785 2358 920 2385 rerum
945 2348 1113 2398 picturis
1147 2347 1504 2386 commemorandis
1538 2348 1738 2396 insistam,
1772 2358 1875 2397 quae
1908 2350 1950 2385 et
1982 2348 2124 2396 poetae
2157 2351 2198 2384 ct
2231 2346 2374 2384 artifici

159 2425 257 2462 sunt
286 2430 533 2460 communes.
587 2417 691 2464 Quid
717 2422 852 2458 autem
877 2423 940 2464 est
966 2419 1071 2469 quod
1100 2423 1141 2458 et
1167 2420 1211 2458 in
1231 2420 1427 2459 eiusmodi
1447 2418 1690 2472 imaginibus
1713 2420 1881 2471 poeticis
1904 2419 1986 2474 sint
2004 2430 2103 2470 quas
2122 2419 2270 2458 artifex
2295 2429 2375 2457 non

153 2496 282 2547 possit
308 2496 490 2546 pingere,
522 2496 564 2532 et
589 2477 812 2531 nonnullae⁴
832 2494 1029 2545 imagines
1055 2494 1244 2544 penicillo
1271 2495 1402 2545 pictae
1429 2506 1453 2532 a
1479 2496 1598 2545 poeta
1622 2493 1847 2544 descriptae
1873 2492 1974 2531 nihil
1994 2493 2079 2531 fere
2106 2493 2279 2544 amplius
2305 2492 2375 2531 ha-

154 2569 279 2608 beant
305 2566 389 2618 quo'
412 2569 603 2605 moveant
629 2566 795 2604 animos.
855 2565 968 2612 Quod
995 2568 1144 2616 optime
1171 2566 1362 2617 probatur
1389 2567 1596 2616 exemplis.
1658 2566 1795 2604 Veluti
1822 2577 1926 2616 quae
1953 2569 2166 2603 narrantur
2192 2565 2242 2603 de
2269 2563 2374 2603 Pan-

154 2641 252 2681 daro
278 2642 320 2680 in
348 2643 491 2692 quarto
517 2637 658 2678 Iliadis
684 2637 785 2677 libro
810 2639 1039 2691 imaginem,
1066 2643 1112 2678 ut
1139 2644 1260 2679 antea
1286 2640 1365 2678 iam
1394 2639 1492 2689 dixi,
1517 2642 1754 2691 proponunt,
1782 2651 1862 2690 qua
1884 2638 1998 2677 nulla
2029 2637 2134 2689 apud
2152 2636 2375 2677 Homerum

155 2718 219 2755 est
245 2713 491 2764 distinctior,
525 2711 639 2751 nulla
666 2723 760 2751 vero
786 2712 964 2752 similior.
1024 2712 1123 2753 Inde
1151 2713 1201 2753 ab
1232 2725 1328 2753 arcu
1355 2717 1511 2765 arrepto
1539 2724 1668 2765 usque
1695 2711 1745 2752 ad
1772 2712 1964 2764 sagittam
1990 2710 2215 2762 dimissam,
2250 2721 2376 2750 unum

152 2788 341 2840 quodque
371 2786 506 2826 verbis
537 2785 745 2836 depictum
770 2788 832 2824 est
858 2786 917 2825 rei
942 2790 1208 2836 momentum,
1236 2798 1364 2838 eaque
1391 2788 1527 2825 omnia
1552 2797 1795 2837 quamquam
1821 2786 1929 2824 inter
1954 2795 1998 2823 se
2025 2785 2248 2823 arctissime
2276 2795 2373 2822 con·

153 2862 312 2910 iuncta,
339 2861 397 2899 ita
422 2863 561 2899 tamen
589 2858 782 2897 distincta
807 2861 920 2908 sunt,
949 2862 1012 2909 ut,
1040 2859 1074 2897 si
1102 2860 1193 2910 quis
1219 2859 1412 2907 nesciret,
1439 2858 1636 2909 quomodo
1662 2870 1780 2897 arcus
1807 2861 1914 2897 esset
1940 2856 2185 2906 tractandus,
2219 2868 2273 2895 ex
2298 2857 2375 2895 hac

154 2946 239 2973 una
263 2935 400 2985 posset
434 2931 615 2973 ediscere
657 2930 939 2984 descriptione.
1002 2930 1212 2973 Pandarus
1245 2932 1354 2971 enim
1387 2944 1524 2971 arcum
1556 2932 1721 2983 promit,
1755 2943 1925 2970 nervum
1958 2930 2116 2983 alligat,
2149 2930 2378 2982 pharetram
2401 2966 2405 2970 .
2439 2969 2443 2973 ,

154 3007 302 3058 aperit,
335 3007 527 3058 sagittam
554 3004 671 3056 eligit
697 3015 905 3056 nunquam
932 3007 1051 3044 antea
1076 3006 1264 3045 emissam
1291 3016 1337 3044 ac
1363 3004 1466 3045 bene
1499 3008 1734 3056 pennatam,
1768 3004 1872 3043 hanc
1905 3015 2029 3043 nervo
2067 3003 2257 3054 imponit,
2290 3012 2375 3039 una

154 3092 249 3120 cum
277 3080 426 3132 sagitta
451 3078 502 3118 ad
530 3077 711 3119 infimam
739 3089 902 3118 crenam
928 3078 1124 3129 prehensa
1149 3092 1318 3119 nervum
1344 3083 1451 3118 retro
1478 3079 1618 3129 trahit,
1651 3090 1744 3118 eum
1778 3078 1930 3129 pectori
1966 3076 2169 3124 admovet,
2202 3074 2376 3113 ferream
