2546 3529
1253 269 1302 304 12

355 386 482 425 Velut
508 398 645 436 pugna
677 386 841 424 deorum
869 386 919 424 de
953 391 1061 426 sorte
1095 387 1355 430 Troianorum
1391 392 1673 432 dissidentium
1705 405 1928 445 manusque
1962 396 2158 444 postremo
2190 392 2298 429 inter
2332 403 2377 430 se

161 458 476 507 conserentium,
505 469 596 496 cum
624 456 729 508 apud
755 459 913 508 poetam
941 458 1069 497 oculis
1097 461 1208 498 cerni
1235 473 1318 500 non
1349 465 1485 515 possit,
1513 466 1747 517 cogitationi
1772 466 1869 505 licet
1895 467 1997 505 hanc
2020 476 2178 505 scenam
2195 462 2376 513 dilatare,

159 536 435 582 personasque
462 530 627 569 deorum
655 533 696 569 et
722 541 825 581 quae
853 529 903 568 ab
931 531 981 568 iis
1009 536 1206 581 geruntur
1232 536 1346 572 tanta
1373 539 1536 587 tamque
1569 538 1745 578 humana
1785 540 1919 578 omnia
1952 539 2180 591 superantia
2212 536 2375 588 fingere,

161 606 477 654 quantacunque
511 603 620 642 velit.
680 602 829 641 Pictori
863 606 999 642 autem
1025 615 1147 643 scena
1174 607 1237 643 est
1263 608 1520 656 proponenda
1551 610 1679 649 oculis
1700 613 1927 662 conspicua,
1955 613 2069 651 cuius
2089 614 2220 662 partes
2239 610 2375 649 variae

161 687 317 726 eaeque
344 676 595 714 necessariae
630 675 794 714 modum
818 676 1074 715 constituunt
1099 678 1281 727 personis
1309 679 1535 729 agentibus,
1564 682 1633 731 qui
1660 683 1803 722 modus
1828 696 1951 735 prope
1978 684 2163 724 adiacens
2190 671 2280 721 cum
2295 693 2375 721 non

161 751 358 801 congruat
372 748 564 800 superiori
578 747 742 786 deornm
756 750 937 801 naturae,
966 749 1007 788 hi
1023 750 1093 800 qui
1108 749 1214 802 apud
1229 753 1388 802 poetam
1403 751 1576 803 grandes
1591 756 1718 804 erant,
1747 755 1790 794 in
1801 743 1943 796 'tabula
1957 757 2154 797 immanes
2173 758 2373 809 apparent.

350 819 532 859 Minerva
558 821 683 870 enim,
717 833 838 871 quam
864 823 1035 873 primam
1062 824 1106 860 in
1133 824 1207 861 hac
1234 836 1370 874 pugna
1397 825 1631 875 aggreditur
1656 825 1783 876 Mars,
1822 829 1988 877 paulum
2020 831 2212 869 recedens
2245 830 2376 869 valida

160 905 284 932 manu
310 894 431 931 humo
458 894 618 944 nigrum
647 904 833 944 asperum
853 906 1128 946 magnumque
1149 896 1289 947 arripit
1308 896 1494 947 lapidem,
1523 909 1643 948 quem
1663 897 1888 948 antiquitus
1910 902 2148 941 coniunctae
2169 903 2374 941 hominum

158 978 302 1005 manus
329 967 545 1005 terminum
572 970 806 1016 posuerunt.
2074 976 2077 979 ·

625 1033 1030 1091 “Ηδ’ἆναχασσαμενη
1057 1042 1178 1080 λυθον
1206 1041 1328 1081 εἵλετο
1355 1055 1457 1092 χειρι
1483 1055 1622 1094 παχειῃ
1682 1068 1684 1070 >

627 1113 829 1163 Κειμενον
855 1110 900 1152 ἐν
926 1113 1068 1168 πεδιῳ,
1096 1116 1245 1165 μελανα
1269 1128 1424 1165 τρηχυν
1448 1127 1500 1160 τε,
1528 1127 1693 1165 μεγαντε

630 1187 717 1224 Τον
743 1184 768 1236 ῤ
796 1180 949 1235 ἄνδρες
974 1199 1168 1236 προτεροι
1192 1190 1323 1226 θεσαν
1349 1185 1514 1238 ἔμμεναι
1542 1182 1676 1237 ου’ρον
1703 1201 1900 1238 αρουρης.

154 1256 234 1303 Qui
262 1260 438 1307 quantus
464 1257 589 1295 fuerit
617 1261 663 1295 ut
689 1261 800 1298 recte
828 1259 1063 1308 iudicemus,
1092 1260 1133 1297 in
1160 1260 1395 1298 memoriam
1422 1259 1537 1298 nobis
1565 1271 1798 1298 revocemus
1825 1260 1967 1298 heroas
1995 1259 2044 1297 ab
2065 1259 2240 1298 Homero
2259 1260 2375 1300 fictos

155 1330 277 1382 duplo
304 1329 520 1368 validiores
548 1330 811 1370 validissimis
837 1331 1075 1371 Homericae
1103 1333 1247 1371 aetatis
1274 1333 1372 1373 viris
1401 1332 1450 1370 ab
1478 1333 1540 1382 iis,
1569 1344 1668 1383 quos
1687 1331 1834 1371 Nestor
1856 1332 2088 1383 adolescens
2108 1334 2373 1383 cognovisset,

153 1402 329 1442 multum
363 1400 504 1441 robore
541 1405 734 1455 superari.
802 1403 887 1444 Iam
920 1405 954 1443 si
987 1403 1169 1444 Minerva
1203 1404 1396 1457 lapidem,
1439 1417 1559 1457 quem
1592 1417 1672 1445 non
1705 1417 1830 1457 unus,
1872 1416 1993 1456 quem
2024 1405 2160 1457 plures
2191 1404 2374 1446 Nestoris

152 1468 640 1526 adolescentislaequalos
668 1479 886 1516 terminum
912 1482 1142 1529 posuerant,
1188 1479 1231 1516 in
1258 1477 1428 1517 Martem
1456 1479 1672 1529 iaculatur,
1713 1479 1823 1528 quali
1851 1481 1896 1517 tu
1931 1481 2050 1529 putas
2074 1477 2238 1517 ‘statura
2270 1480 2373 1518 hanc

152 1549 273 1589 deam
312 1562 402 1589 esse
442 1551 703 1601 fingendam?
745 1550 855 1597 Quae
896 1552 930 1589 si
969 1554 1121 1590 statura
1160 1551 1375 1602 respondet
1412 1552 1686 1602 magnitudini
1725 1552 1887 1603 lapidis,
1927 1552 2168 1591 miraculum
2205 1553 2371 1592 tollitur.

152 1623 372 1663 Hominem
401 1624 528 1675 enim,
564 1625 635 1675 qui
662 1625 781 1676 triplo
809 1637 873 1664 me
901 1628 1062 1675 superet
1089 1626 1264 1679 corporis
1292 1624 1587 1676 magnitudine,
1623 1625 1743 1677 triplo
1770 1626 1961 1664 maiorem
1989 1625 2163 1676 lapidem
2192 1626 2371 1676 iaculari,

152 1700 323 1735 naturae
352 1700 414 1735 est
443 1700 772 1736 consentaneum.
827 1697 896 1736 Sin
923 1708 1004 1735 non
1031 1696 1263 1748 respondet,
1292 1698 1450 1748 pictura
1481 1709 1575 1737 vero
1612 1697 1711 1737 adeo
1746 1700 1808 1737 est
1841 1697 2066 1748 dissimilis,
2103 1701 2149 1736 ut
2176 1698 2219 1737 in
2247 1698 2371 1738 offen·

154 1771 311 1809 sionem
345 1774 525 1808 nostram
560 1770 694 1818 cadat3
737 1782 867 1821 neque
900 1772 998 1809 haec
1032 1770 1199 1809 offensio
1235 1770 1349 1809 nobis
1384 1775 1579 1820 quantum
1613 1771 1774 1809 divinae
1809 1774 1999 1822 superent
2032 1772 2231 1809 humanas
2264 1772 2371 1811 vires

155 1843 476 1882 deliberantibus
504 1845 707 1882 eximitur.
761 1842 847 1889 Quo
874 1844 983 1882 enim
1010 1845 1161 1882 maiora
1187 1844 1372 1882 videmus
1393 1844 1548 1894 effecta,
1577 1857 1623 1883 eo
1647 1845 1818 1884 maiores
1842 1856 2005 1883 cernere
2026 1844 2210 1883 volumus
2230 1857 2372 1884 causas

154 1915 392 1954 efficientes.

345 1987 453 2026 Mars
472 2000 587 2039 porro
605 1989 762 2039 ingenti
783 1989 851 2025 illo
871 1988 1003 2039 lapide
1023 2000 1247 2039 percussus,
1271 1992 1425 2039 septem
1444 1988 1599 2027 obtexit
1619 1990 1761 2039 iugera
1778 1988 1876 2038 (τρις
1898 1983 2035 2039 δἠερα
2053 1995 2154 2032 τυψε
2168 1990 2368 2039 βαθειαν).

153 2059 285 2105 Quam
313 2060 592 2099 incredibilem
620 2061 794 2111 corporis
822 2060 1143 2112 magnitudinem
1171 2073 1263 2099 cum
1290 2062 1419 2113 pictor
1443 2060 1594 2112 fingere
1626 2073 1707 2099 non
1727 2061 1864 2112 possit,
1891 2073 1972 2098 non
1990 2059 2162 2098 Martem
2183 2060 2369 2099 videmus

151 2134 265 2172 humi
293 2135 507 2184 iacentem,
536 2137 644 2173 certe
671 2146 751 2173 non
776 2133 946 2173 Martem
972 2133 1245 2185 Homericum,
1275 2134 1345 2173 sed
1372 2134 1543 2173 militem
1570 2134 1706 2173 nescio
1735 2145 1854 2183 quem
1881 2134 2121 2185 gregarium.

344 2206 474 2254 Quam
488 2208 615 2259 igitur
629 2208 800 2259 legimus
815 2208 1132 2247 deminutionem
1147 2208 1252 2260 apud
1266 2207 1505 2259 Longinum,
1526 2208 1707 2246 homines
1722 2207 1771 2246 ab
1787 2207 1963 2246 Homero
1979 2206 2029 2245 ad
2043 2206 2208 2245 deorum
2230 2210 2368 2246 auctos

150 2293 240 2319 esse
267 2281 520 2330 firmitatem,
549 2280 643 2319 deos
671 2281 721 2318 ad
747 2282 955 2319 hominum
981 2281 1210 2319 deminutos
1238 2281 1514 2319 infirmitatem
1541 2281 1619 2318 sibi
1646 2281 1774 2318 videri
1802 2281 2022 2329 dicentem,
2058 2292 2147 2317 eam
2182 2292 2206 2317 a
2241 2282 2367 2331 picto-

148 2353 261 2394 ribus
288 2355 474 2393 videmus
503 2353 700 2393 effectam.
762 2352 939 2399 Quorum
973 2355 1015 2392 in
1051 2353 1238 2405 operibus
1273 2355 1406 2393 onmia
1441 2365 1602 2405 prorsus
1635 2357 1898 2403 evanescunt,
1941 2353 2086 2403 quibus
2120 2356 2238 2404 poeta
2271 2353 2367 2392 deos

147 2427 297 2466 divinis
325 2428 449 2466 etiam
476 2426 705 2465 hominibus
733 2430 981 2477 praestantes
1008 2427 1118 2465 facit.
1172 2426 1409 2478 Magnitudo
1437 2427 1546 2466 enim
1575 2430 1615 2465 et
1651 2427 1756 2465 vires
1791 2426 1965 2477 corporis
1998 2425 2228 2477 pedumque
2262 2426 2367 2465 cele-

146 2501 257 2551 ritas,
286 2511 387 2549 quas
413 2499 617 2537 Homerus
646 2499 896 2548 aliquantum
922 2500 1093 2538 maiores
1121 2503 1162 2538 et
1190 2499 1504 2538 admirabiliores
1533 2499 1610 2538 diis
1638 2498 1791 2549 tribuit,
1819 2509 1940 2548 quam
1962 2497 2149 2537 heroibus
2169 2498 2235 2537 vel
2251 2510 2366 2549 prae-

145 2575 429 2622 stantissimis,
472 2574 515 2609 in
550 2572 719 2622 picturis
753 2572 803 2608 ad
837 2583 1089 2610 communem
1122 2573 1329 2610 hominum
1364 2584 1594 2610 mensuram
1628 2576 1723 2610 sunt
1758 2572 2017 2622 redigendae,
2059 2575 2105 2609 ut
2131 2571 2292 2621 Jupiter
2325 2576 2367 2610 et

143 2648 445 2698 Agamemnon,
485 2645 631 2696 Apollo
660 2648 701 2683 et
728 2645 925 2694 Achilles,
952 2646 1060 2684 Aiax
1088 2650 1129 2684 et
1155 2645 1263 2684 Mars
1290 2658 1451 2696 prorsus
1480 2645 1661 2684 eiusdem
1687 2650 1857 2684 naturae
1885 2646 2097 2684 videantur
2123 2656 2255 2694 neque
2282 2645 2367 2682 ulla

142 2732 188 2759 re
215 2719 521 2771 distinguantur
546 2717 627 2756 nisi
656 2717 835 2756 externis
863 2716 1112 2768 quibusdam,
1141 2729 1244 2768 quae
1273 2722 1559 2768 convenerunt,
1588 2718 1726 2769 signis.

333 2791 513 2831 Pictores
540 2790 717 2841 quidem,
744 2793 791 2828 ut
818 2790 1056 2841 significent,
1084 2803 1187 2841 quae
1215 2792 1257 2830 in
1285 2791 1471 2843 operibus
1499 2792 1583 2830 suis
1611 2790 1684 2830 sub
1712 2791 1947 2843 adspectum
1976 2790 2116 2830 cadere
2144 2790 2287 2840 nolint,
2316 2802 2366 2830 ea

139 2867 269 2906 oculis
296 2878 558 2918 personarum
587 2865 797 2915 agentium
834 2864 1022 2903 occulunt
1057 2866 1170 2904 tenui
1203 2864 1328 2915 nube,
1371 2876 1474 2916 quae
1509 2877 1561 2903 ex
1595 2865 1693 2916 ipsis
1726 2864 1894 2903 Homeri
1927 2864 2170 2903 carminibus
2204 2863 2366 2902 videtur

138 2941 279 2991 petita.
335 2939 438 2978 Nam
467 2940 501 2977 si
530 2939 621 2987 quis
649 2938 942 2989 praestantium
969 2938 1133 2975 heroum
1162 2939 1204 2976 in
1231 2939 1351 2989 poelii
1378 2949 1577 2976 concursu
1605 2948 1887 2986 armorumque
1923 2937 2093 2988 strepitu
2128 2940 2241 2975 tanto
2273 2948 2363 2974 ver-

139 3016 253 3051 satur
279 3014 322 3051 in
351 3013 548 3064 periculo,
583 3016 629 3050 ut
656 3012 736 3049 nisi
764 3010 931 3049 deorum
957 3011 1137 3061 potentia
1171 3012 1322 3049 servari
1356 3023 1437 3049 non
1472 3012 1616 3062 possit,
1651 3014 1769 3061 poe’ta
1803 3022 1897 3049 eum
1930 3023 2002 3061 per
2036 3009 2156 3048 deum
2190 3012 2364 3047 tutorem

137 3086 267 3125 densa
293 3085 444 3124 nebula
470 3086 537 3124 vel
566 3086 697 3123 noctis
726 3084 901 3133 caligine
928 3083 1153 3121 involutum
1182 3084 1355 3133 indeque
1384 3083 1593 3135 abreptum
1619 3083 1736 3133 facit,
1772 3083 1898 3122 veluti
1926 3082 2041 3121 Paris
2070 3081 2267 3131 abripitur
2293 3090 2366 3130 per
