2546 3529
1254 269 1301 305 18

360 384 448 423 Iam
474 397 567 423 cum
594 397 659 426 ars
683 388 878 438 pingendi
903 379 945 425 in
974 389 1176 427 continuis
1202 391 1287 429 suis
1313 390 1665 441 compositionibus
1691 402 1817 429 unum
1839 391 1968 430 solum
1995 390 2160 429 actionis
2188 398 2368 427 momen-

169 463 259 500 tum
284 459 451 510 pingere
477 458 636 509 possit,·
655 458 948 498 feracissimum
974 459 1109 511 eligit,
1144 472 1224 510 quo
1253 465 1294 501 et
1321 474 1424 511 quae
1451 467 1570 503 antea
1604 467 1719 503 erant
1753 467 1841 503 acta
1875 468 1916 503 et
1948 475 2049 513 quae
2081 460 2169 513 pos't
2203 465 2373 513 agentur

169 533 347 573 maxime
372 529 637 569 illustrantur.

356 602 551 642 Similiter
581 602 739 653 poetica
771 614 835 642 ars
869 614 961 642 cum
995 604 1039 642 in
1072 605 1421 655 progredientibus
1454 589 1680 648 actionibus
1712 621 1834 647 unam
1874 609 1998 648 solam
2039 620 2241 659 corporum
2282 619 2372 658 pro-

167 677 379 729 prietatem
412 675 538 726 possit
569 677 791 714 monstrare
825 686 914 714 eam
947 674 1079 727 eligit,
1120 687 1199 726 qua
1234 688 1377 728 corpus
1411 678 1560 729 optime
1594 680 1675 720 tale
1707 681 1947 732 illustretur,
1989 681 2105 731 quale
2139 682 2181 720 in
2216 681 2371 720 actione

167 751 254 802 ipsa
282 752 456 800 apparet.

354 812 453 859 Inde
481 820 676 871 repetitur
703 819 744 857 id
785 819 891 869 quod
922 820 1088 859 docetur
1119 824 1161 860 et
1193 821 1241 860 de
1277 822 1544 873 epithetorum
1576 823 1806 874 ornantium
1839 828 2063 866 constantia
2098 831 2138 866 et
2171 826 2219 865 de
2253 838 2371 878 parva

167 906 374 947 corporum
402 893 628 932 accuratius
653 880 942 944 descriptorum
968 895 1207 943 frequentia.

355 967 431 1005 His
459 977 577 1017 aegre
606 966 804 1004 conclusis
830 967 966 1005 minus
993 967 1251 1017 confiderem,
1284 968 1319 1006 si
1345 979 1393 1005 ea
1419 978 1499 1005 non
1527 970 1663 1006 essent
1688 967 1927 1007 Homericae
1955 971 2053 1009 artis
2081 971 2369 1010 consuetudine

166 1043 287 1090 atque
314 1052 391 1079 usu
418 1038 651 1077 confirmata
677 1041 748 1077 aut
774 1039 908 1090 potius
936 1039 985 1077 ab
1014 1051 1061 1078 eo
1088 1040 1270 1092 repetita.
1323 1038 1412 1078 Nisi
1438 1039 1500 1078 his
1526 1040 1734 1092 principiis
1761 1040 1964 1091 praeclara
1990 1041 2159 1082 Homeri
2193 1057 2256 1083 ars
2292 1056 2374 1083 non

164 1116 298 1166 potest
324 1112 482 1151 definiri
509 1114 579 1150 aut
607 1111 812 1162 illustrari,
840 1123 916 1150 nec
943 1114 1141 1151 contraria
1167 1115 1227 1151 tot
1253 1103 1521 1152 recentiorum
1547 1116 1756 1164 poetarum
1781 1113 1883 1151 ratio
1911 1113 2133 1164 diiudicari,
2161 1116 2231 1165 qui
2259 1117 2302 1154 in
2329 1128 2371 1155 re

167 1187 301 1236 aliqua
330 1197 421 1224 cum
447 1185 599 1235 pictore
626 1187 786 1223 tentant
813 1188 978 1234 certare,
1006 1187 1048 1223 in
1076 1197 1154 1234 qua
1181 1197 1261 1223 non
1288 1189 1454 1236 possunt
1482 1185 1531 1223 ab
1559 1197 1606 1224 eo
1633 1197 1714 1225 non
1741 1187 1932 1237 superari.

356 1257 420 1317 Ab
446 1256 622 1296 Homero
651 1268 795 1296 censeo
822 1257 923 1296 nihil
948 1258 1032 1297 fere
1060 1258 1137 1297 nisi
1166 1258 1343 1297 actiones
1370 1257 1669 1310 progredientes
1705 1258 1886 1311 depingi,
1908 1269 2085 1311 ·corpora
2117 1262 2158 1299 et
2195 1271 2259 1299 res
2293 1261 2375 1299 sin-

167 1334 282 1386 gulas
309 1345 448 1371 omnes
475 1333 532 1369 ita
560 1330 751 1380 describi,
785 1335 831 1369 ut
864 1326 1063 1370 actionu'm
1098 1319 1180 1370 sint
1211 1333 1444 1382 participes,
1480 1344 1560 1370 uno
1593 1333 1828 1384 plerumque
1865 1333 2053 1384 epitheto,
2112 1331 2216 1378 Quid
2248 1334 2375 1384 igitur

166 1408 335 1455 mirum,
363 1404 469 1454 quod
496 1404 625 1455 pictor
651 1404 694 1442 in
722 1405 810 1442 eius
836 1404 1167 1454 descriptionibus
1195 1408 1265 1444 aut
1291 1405 1455 1456 paulum
1483 1409 1553 1444 aut
1580 1406 1681 1443 nihil
1708 1407 1906 1454 inveniat,
1935 1405 2039 1454 quod
2066 1406 2152 1456 ipse
2179 1407 2371 1457 imitetur,

167 1479 274 1531 quod
300 1479 343 1518 in
371 1478 422 1517 iis
450 1479 608 1516 tantum
638 1479 818 1516 versetur
843 1475 1194 1528 descripttonibus,
1232 1478 1272 1516 in
1300 1477 1446 1527 quibus
1481 1490 1627 1528 magna
1657 1478 1921 1517 formosorum
1954 1478 2170 1529 pulereque
2205 1477 2373 1529 disposi-

166 1557 299 1592 torum
328 1562 537 1601 corporum
566 1549 679 1600 copia
704 1550 746 1586 in
773 1549 858 1587 loco
885 1549 1018 1598 aliquo
1045 1561 1201 1588 summa
1227 1550 1469 1588 amoenitate
1496 1553 1635 1588 ornato
1663 1554 1851 1602 congesta
1880 1554 1961 1601 est,
1995 1550 2178 1599 quamvis
2213 1554 2254 1590 et
2288 1562 2372 1590 cor-

166 1638 263 1677 pora
288 1626 376 1674 ipsa
401 1633 621 1670 eorumque
647 1621 851 1671 dispositio
878 1626 919 1659 et
945 1622 1055 1659 locus
1083 1622 1148 1659 vel
1173 1623 1339 1659 minimo
1377 1634 1400 1659 a·
1434 1625 1551 1672 poeta
1582 1623 1664 1659 sint
1696 1622 1853 1672 depicta
1887 1625 2040 1659 ornatu.
2101 1622 2281 1671 Remque
2315 1624 2371 1661 ita

169 1711 212 1738 se
239 1696 387 1736 habere
415 1707 511 1734 eum
537 1705 618 1732 non
646 1693 828 1745 effugiet,
858 1694 930 1743 qui
957 1697 1083 1732 totam
1109 1695 1255 1733 seriem
1281 1695 1545 1746 picturarum,
1580 1706 1679 1744 quas
1703 1694 1850 1743 Gaylus
1882 1695 2083 1745 proponit,
2120 1707 2172 1733 ex
2204 1695 2371 1734 Homeri

170 1768 416 1809 carminibus
441 1767 589 1818 petitas
616 1765 847 1816 singillatim
874 1766 973 1805 velit
996 1778 1239 1817 percurrere.

359 1839 568 1880 Mittamus
595 1838 719 1889 igitur
744 1837 870 1889 illum,
897 1839 966 1888 qui
993 1842 1199 1890 poetarum
1226 1840 1435 1890 ingenium
1461 1838 1648 1888 colorum,
1676 1838 1821 1888 quibus
1850 1839 1978 1890 pictor
2002 1838 2140 1890 utitur,
2176 1839 2370 1879 varietate

169 1916 337 1954 metitur
363 1913 520 1965 ipsique
547 1911 675 1960 qualis
702 1912 754 1949 sit
780 1924 843 1950 ars
870 1911 1035 1950 Homeri
1063 1913 1289 1950 accuratius
1316 1912 1577 1962 explicemus.

361 1985 648 2033 Unaquaeque,
674 1984 854 2034 inquam,
888 1996 952 2024 res
979 1984 1028 2023 ab
1056 1984 1231 2024 Homero
1254 1978 1489 2036 plerumque
1517 1985 1692 2035 epitheto
1721 1984 1952 2035 depingitur
1979 1996 2068 2023 uno.
2129 1985 2267 2023 Veluti
2301 1997 2371 2023 na·

175 2072 267 2100 vem
293 2058 392 2097 dicit
417 2056 533 2096 modo
559 2057 730 2107 nigram,
757 2056 872 2095 modo
900 2068 1077 2107 curvam,
1111 2057 1227 2096 modo
1259 2057 1430 2097 celerem
1438 2082 1457 2107 ,ι
1482 2069 1575 2096 cum
1600 2057 1818 2109 plurimum
1850 2058 1971 2096 remis
2003 2057 2105 2096 bene
2138 2057 2374 2096 instructam

171 2134 422 2184 nigramque.
475 2129 596 2168 Plura
621 2129 731 2179 piget
757 2140 849 2167 eum
875 2130 1128 2168 accumulare
1155 2130 1342 2180 epitheta.
1397 2128 1485 2168 Non
1513 2141 1607 2168 vero
1633 2130 1744 2180 piget
1770 2131 2086 2185 navigationem,
2114 2141 2193 2167 non
2219 2129 2373 2180 profec-

171 2206 341 2254 tionem,
380 2214 461 2242 non
493 2201 703 2253 appulsum
735 2201 1041 2253 diligentissime
1074 2202 1316 2252 describere,
1357 2207 1401 2240 ut
1438 2203 1579 2253 pictori
1612 2203 1789 2251 quinque
1823 2215 1945 2241 sexve
1984 2201 2253 2241 conficiendae
2294 2204 2375 2240 sint

171 2278 366 2330 picturae,
393 2275 428 2314 si
454 2285 539 2313 rem
563 2274 759 2325 integram
786 2274 829 2312 in
852 2273 1030 2313 tabulam
1059 2274 1276 2314 transferre
1302 2274 1411 2314 velit.
1809 2272 1815 2278 ’

361 2348 449 2386 Iam
475 2349 510 2385 si
538 2359 601 2385 res
627 2348 713 2397 ipsa
737 2343 956 2385 Homerum
982 2349 1089 2398 cogit
1115 2349 1159 2385 in
1185 2359 1266 2386 una
1292 2348 1427 2397 aliqua
1453 2359 1495 2385 re
1523 2347 1588 2386 vel
1615 2358 1783 2399 persona
1810 2346 2073 2386 describenda
2099 2318 2249 2386 diutius
2285 2359 2373 2387 v-er

171 2424 263 2473 sari,
290 2434 371 2461 non
400 2425 538 2460 tamen
563 2421 746 2470 proponit
771 2420 1088 2470 descriptionem,
1115 2433 1235 2469 quam
1261 2422 1390 2471 pictor
1414 2422 1539 2471 possit
1565 2421 1715 2458 imitari
1740 2421 1940 2470 penicillo,
1968 2421 2038 2459 sed
2064 2421 2257 2471 singulari
2289 2425 2374 2459 arte

171 2495 262 2536 illas
289 2507 362 2547 per
387 2493 579 2533 continua
606 2493 795 2544 temporis
820 2497 1021 2533 momenta
1047 2494 1319 2545 persequitur,
1346 2505 1514 2542 quorum
1541 2505 1621 2531 uno
1648 2505 1806 2541 quoque
1833 2497 2012 2532 mutatae
2039 2498 2249 2543 apparent,
2277 2506 2374 2541 quo-

170 2577 341 2618 rumque
367 2566 498 2619 pictor
522 2564 712 2604 ultimum
737 2564 865 2604 solum
881 2560 1021 2617 'potest
1046 2565 1231 2617 pingere,
1265 2569 1311 2605 ut
1337 2565 1515 2617 perfecta
1541 2567 1734 2617 proponat
1760 2578 1808 2604 ea
1836 2577 1938 2614 quae
1966 2564 2072 2616 apud
2099 2568 2256 2616 poetam
2282 2578 2374 2604 nas-

171 2640 305 2679 centia
337 2638 620 2690 conspicimus.
681 2637 818 2675 Veluti
857 2638 891 2676 si
928 2636 1103 2677 Homero
1141 2637 1313 2677 «lunonis
1346 2648 1486 2677 currus
1526 2640 1587 2678 est
1625 2636 1928 2689 describendus,
1962 2636 1987 2677 J
1991 2639 2220 2677 uventatem
2259 2624 2375 2678 deam

171 2714 439 2766 conspicimus
463 2711 645 2763 singulas
673 2712 760 2750 eius
785 2714 918 2763 partes
944 2716 1258 2764 componentem.
1318 2712 1442 2751 Rotas
1474 2713 1603 2763 enim,
1636 2724 1751 2760 axes,
1786 2712 1943 2763 sellam,
1979 2715 2179 2751 temonem
2212 2711 2376 2762 loraque

171 2788 440 2839 conspicimus
471 2798 553 2826 non
589 2786 670 2825 iam
701 2785 934 2836 composita,
962 2785 1040 2825 ‘sed
1072 2789 1119 2825 ut
1143 2785 1375 2826 «luventatis
1406 2785 1592 2825 manibus
1626 2788 1924 2837 componantur.
1983 2785 2110 2824 Rotae
2144 2786 2253 2824 solae
2284 2785 2377 2836 plus

104 2872 108 2876 ·
171 2872 252 2900 uno
278 2860 524 2900 lineamento
551 2856 844 2897 describuntur.
897 2856 1137 2910 Singulatim
1164 2859 1273 2898 enim
1300 2862 1393 2899 ante
1419 2858 1556 2898 oculos
1582 2862 1738 2898 nostros
1754 2861 1959 2911 ponuntur
1975 2858 2110 2897 octoni
2127 2857 2229 2897 radii
2248 2858 2377 2908 aenei,

171 2933 288 2974 orbes
314 2931 428 2974 aurei
454 2936 496 2972 et
521 2944 615 2972 aere
643 2931 778 2982 cincti,
805 2917 966 2970 medioli
993 2933 1183 2983 argentei.
1249 2931 1353 2972 Nam
1379 2944 1471 2972 cum
1496 2932 1632 2984 plures
1659 2935 1794 2971 essent
1818 2935 1941 2983 rotae,
1969 2931 2122 2971 diceres
2150 2934 2260 2971 tanto
2285 2931 2377 2983 plus

170 3008 361 3059 temporis
387 3007 429 3046 in
456 3018 597 3046 earum
632 3004 901 3056 descriptione
935 3005 1252 3045 consumendum
1285 3006 1431 3056 fuisse,
1465 3009 1615 3055 quanto
1647 3006 1739 3056 plus
1772 3005 1822 3043 ad
1855 3017 1924 3044 eas
1957 2989 2092 3043 currui
2121 3003 2378 3055 applicandas

171 3090 272 3131 opus
299 3082 418 3118 esset.
471 3077 664 3131 Legimus
691 3077 800 3116 enim
826 3075 931 3129 apud
957 3075 1193 3116 Homerum:
