2546 3529
1268 213 1293 248 8

373 342 485 383 Nihil
513 344 648 380 autem
674 338 842 379 miratur
867 334 995 385 aliud,
1036 346 1155 384 quam
1183 333 1288 384 quod
1314 337 1455 385 poetae
1481 333 1618 374 Musas
1645 343 2001 380 commemorantes
2032 352 2114 380 non
2145 341 2266 381 mutis
2296 338 2376 378 iuis

183 419 388 471 pictorum
416 414 607 467 symbolis
633 414 812 451 utuntur.
870 397 1057 455 Uraniam
1083 406 1246 456 quidem
1272 411 1414 458 poetae
1440 410 1635 445 astrorum
1662 407 1779 447 deam
1805 412 2030 463 appellant3
2056 416 2216 455 nomine
2234 415 2318 454 eius
2336 416 2376 452 et

177 493 300 532 factis
327 489 445 540 quale
472 489 559 526 eius
585 487 639 524 sit
663 493 809 522 munus
835 480 1122 530 cognoscimus.
1185 478 1298 524 Quod
1330 479 1477 518 artifex
1510 478 1736 531 significare
1768 493 1848 520 non
1878 487 2011 534 potest
2043 487 2122 525 nisi
2154 488 2264 526 illam
2289 487 2375 525 des-

183 565 302 605 cribit
330 563 440 603 radio
460 561 668 612 sphaeram
685 556 996 600 monstrantem
1023 553 1088 592 hic
1105 553 1212 592 enim
1231 552 1377 602 radius,
1404 553 1503 592 haec
1522 552 1700 603 sphaera,
1726 553 1790 592 hic
1811 557 1950 604 gestus
1968 558 2083 607 signa
2102 564 2207 611 sunt,
2234 560 2376 610 quibus

178 649 328 680 nomen
355 635 527 676 Uraniae
562 630 675 671 nobis
712 627 834 667 tradit
865 626 1195 679 componendum.
1254 624 1333 664 Cur
1364 629 1499 665 autem
1530 627 1688 678 poetam
1721 626 1799 677 vis,
1835 629 1881 665 ut
1906 629 2105 679 exprimat
2130 632 2202 683 „ab
2230 632 2377 673 Urania

179 712 250 751 diu
273 710 417 763 positis
453 706 570 745 astris
603 704 727 742 letum
762 701 933 739 alicuius
967 711 1055 738 esse
1087 699 1376 751 praedictum‘⁴,
1409 698 1553 737 addere
1586 709 1688 748 quae
1723 702 1818 738 sunt
1850 699 2029 751 artificis,
2058 702 2249 744 Uraniam
2279 706 2375 745 haec

175 787 322 824 fecisse
347 782 501 819 radium
527 789 648 814 manu
673 777 880 812 tenentem
905 775 1192 823 sphaeramque
1218 773 1530 809 monstrantem?
1562 772 1704 809 Nonne
1730 773 1804 809 hoc
1829 773 1936 809 idem
1963 778 2087 822 esset,
2113 788 2160 812 ac
2188 780 2221 814 si
2248 780 2374 827 homo,

181 859 250 907 qui
277 857 416 905 lingua
442 852 502 890 uti
529 851 672 901 potest,
699 847 828 898 signis
854 850 1052 895 uteretur,
1087 856 1189 894 quae
1217 844 1266 883 ab
1294 843 1522 883 hominibus
1552 844 1633 883 illis
1664 844 1804 895 lingua
1837 845 2064 884 carentibus
2097 849 2139 886 in
2173 863 2375 898 gynaeceo

175 928 292 969 Turci
318 927 482 966 inventa
507 925 613 961 sunt.

362 995 513 1037 Eadem
540 994 695 1047 Spence
717 992 767 1032 de
795 991 995 1044 allegoriis
1022 992 1133 1029 notat
1159 990 1243 1028 sive
1271 989 1320 1028 de
1347 988 1428 1028 illis
1456 987 1705 1040 numinibus,
1736 1000 1839 1040 quae
1868 993 2023 1030 veteres
2050 991 2265 1032 virtutibus
2299 994 2372 1035 hu-

173 1086 333 1113 manam
358 1073 485 1109 vitam
511 1067 746 1120 regentibus
771 1064 1077 1118 praeponebant.
1133 1063 1244 1113 „Non
1271 1063 1447 1112 videtur,
1475 1064 1623 1113 inquit,
1649 1065 2068 1116 praetermittendum,
2097 1067 2202 1117 quod
2226 1067 2371 1107 Roma-

172 1159 313 1186 norum
342 1147 482 1195 poetae
510 1142 559 1180 de
587 1142 749 1191 optimis
775 1140 915 1177 horum
942 1139 1151 1175 numinum
1178 1137 1304 1173 multo
1332 1138 1632 1186 exspectatione
1658 1138 1813 1174 minora
1837 1138 2083 1188 profitentur.
2146 1139 2232 1185 Qua
2258 1142 2300 1178 in
2330 1155 2371 1179 re

173 1219 344 1258 artifices
371 1216 499 1255 multo
527 1217 622 1253 sunt
650 1213 905 1262 copiosiores,
948 1214 992 1247 ut
1019 1215 1182 1246 orna-tus
1211 1210 1404 1257 cuiusque
1431 1220 1567 1246 eorum
1599 1209 1730 1257 qualis
1763 1209 1901 1260 fuerit,
1944 1211 2062 1250 facile
2098 1219 2284 1263 appareat
2318 1228 2371 1253 ex

171 1291 347 1330 nummis
374 1289 659 1340 imperatorum
686 1287 818 1323 aetate
851 1282 1028 1334 signatis.
1089 1279 1236 1319 Poetae
1270 1284 1424 1330 contra,
1465 1292 1706 1331 quamquam
1739 1281 1809 1321 illa
1840 1284 1999 1335 saepius
2032 1284 2204 1324 humana
2237 1288 2370 1338 specie

173 1364 484 1403 commemorant
511 1360 665 1408 induta,
693 1359 742 1396 de
767 1358 893 1408 signis
918 1361 1053 1394 tamen
1080 1367 1229 1403 eorum,
1258 1355 1307 1392 de
1337 1354 1514 1393 vestibus
1541 1358 1777 1404 caeteroque
1804 1356 1916 1394 cultu
1943 1369 2071 1408 pauca
2096 1360 2291 1399 tradunt.“

359 1437 415 1473 At
442 1436 476 1473 si
503 1437 622 1484 poeta
649 1432 832 1470 notiones
857 1434 991 1468 mente
1019 1429 1102 1467 sola
1137 1428 1414 1478 percipiendas
1448 1429 1622 1466 humana
1655 1429 1772 1479 fingit
1804 1429 1965 1469 indutas
1997 1434 2144 1482 specie,
2186 1446 2255 1472 eae
2288 1436 2369 1472 iam

169 1511 332 1549 nomine
359 1510 456 1559 ipso,
485 1519 564 1556 quo
592 1504 852 1556 appellantur,
879 1513 919 1542 et
945 1501 1074 1551 rebus,
1103 1513 1201 1549 quas
1228 1504 1385 1552 gerunt,
1413 1502 1511 1540 satis
1537 1505 1738 1540 notantur.
1792 1500 1878 1547 Quo
1906 1505 2067 1543 nomine
2089 1518 2179 1543 cum
2198 1508 2367 1546 artifices

168 1595 250 1622 non
276 1583 431 1634 possint
457 1581 530 1630 uti,
555 1578 753 1631 personis,
781 1576 924 1626 quibus
951 1576 1133 1614 notiones
1159 1574 1356 1614 definiunt
1384 1575 1610 1625 universas,
1638 1574 1818 1624 symbola
1844 1576 2039 1625 quaedam
2068 1578 2212 1618 addere
2241 1583 2366 1620 coacti

168 1660 273 1706 sunt,
302 1654 448 1705 quibus
476 1656 678 1692 notentur.
733 1649 842 1696 Quae
869 1661 959 1686 cum
987 1648 1094 1686 aliud
1122 1648 1218 1697 quid
1247 1649 1339 1697 sint,
1366 1647 1476 1686 aliud
1502 1647 1599 1697 quid
1626 1649 1854 1699 significent
1879 1648 1969 1688 illas
1989 1662 2177 1701 personas
2196 1653 2365 1694 reddunt

168 1729 413 1780 allegoricas.
475 1725 600 1764 Velut
631 1724 782 1762 femina
815 1722 1008 1771 quaedam
1049 1721 1207 1759 frenum
1250 1732 1373 1758 manu
1414 1725 1556 1759 tenens
1595 1721 1661 1759 vel
1697 1721 1776 1759 alia
1820 1722 2015 1771 quaedam
2053 1723 2102 1761 ad
2141 1725 2364 1765 columnam

167 1803 334 1850 annixa,
362 1800 502 1848 quales
529 1797 579 1836 ab
607 1789 827 1835 artificibus
852 1783 1140 1845 prdponuntur,
1176 1795 1390 1843 allegoriae
1418 1798 1521 1831 sunt.
1576 1793 1722 1832 Contra
1748 1795 1890 1844 poetae
1917 1796 1951 1833 si
1979 1795 2296 1846 Temperantiam
2325 1806 2364 1838 et

169 1874 445 1913 Constantiam
471 1870 632 1922 fingunt
658 1870 830 1908 humana
857 1868 1016 1905 indutas
1044 1868 1189 1918 specie,
1217 1879 1288 1905 eae
1317 1879 1395 1905 non
1423 1871 1517 1905 sunt
1543 1879 1613 1918 pro
1640 1867 1865 1918 allegoricis
1892 1868 2107 1908 habendae.

355 1944 442 1983 Iam
470 1955 564 1982 cum
602 1943 749 1981 artifex
780 1942 1017 1980 necessitate
1051 1939 1242 1990 symbolis
1276 1940 1357 1977 illis
1389 1940 1448 1977 uti
1483 1942 1662 1991 cogatur,
1695 1941 1882 1990 quoniam
1915 1942 1976 1980 his
2010 1943 2105 1981 solis
2139 1943 2235 1993 quid
2266 1945 2364 1985 haec

165 2020 286 2056 illave
313 2019 442 2068 figura
468 2016 688 2066 significet,
721 2019 857 2053 notare
884 2018 1030 2064 potest,
1061 2025 1131 2050 cur
1157 2026 1216 2060 ea,
1244 2013 1389 2060 quibus
1416 2013 1484 2050 ille
1511 2015 1752 2051 necessitate
1780 2018 1940 2052 coactus
1967 2009 2110 2065 utitur,
2138 2022 2278 2066 poetae
2312 2021 2362 2056 iis

163 2092 331 2130 minime
357 2090 495 2141 egenti
522 2088 767 2127 obtrudenda
794 2099 880 2126 esse
907 2091 1103 2137 putemus.

354 2163 442 2209 Qua
467 2164 593 2213 igitur
618 2174 661 2201 re
687 2161 839 2212 Spence
865 2162 1039 2200 maxime
1065 2159 1300 2208 offenditur,
1334 2172 1382 2198 ea
1408 2159 1529 2209 digna
1556 2163 1628 2209 est,
1655 2172 1758 2209 quae
1786 2163 1901 2209 quasi
1928 2162 1996 2201 lex
2025 2163 2208 2202 omnibus
2234 2168 2362 2215 poetis

159 2235 467 2289 praescribatur.
521 2233 623 2273 Nam
650 2233 794 2284 quibus
820 2234 965 2273 artifex
992 2245 1072 2272 non
1108 2236 1239 2285 potest
1273 2244 1426 2283 carere,
1461 2244 1509 2271 ea
1542 2244 1594 2272 ne
1625 2236 1767 2284 poetae
1798 2232 1972 2274 habeant
2003 2246 2073 2286 pro
2107 2235 2361 2288 abundantia,

158 2321 262 2348 neve
290 2320 394 2358 quae
422 2307 594 2345 artifices
620 2308 874 2354 invenerunt,
903 2309 947 2342 ut
972 2307 1153 2356 poeticae
1181 2306 1277 2342 artis
1304 2306 1474 2342 virtutes
1499 2306 1655 2355 possint
1681 2317 1871 2355 aequare,
1904 2317 1952 2344 ea
1979 2309 2121 2357 poetae
2147 2309 2228 2347 illis
2255 2311 2358 2348 invi-

157 2383 297 2431 deant,
337 2382 454 2430 quasi
487 2379 536 2418 ad
570 2380 854 2430 perfectionem
886 2381 1123 2430 pertineant.
1193 2377 1347 2423 Quibus
1381 2380 1488 2416 enim
1521 2378 1712 2427 symbolis
1746 2380 1893 2418 artifex
1924 2382 2068 2430 utitur,
2113 2386 2159 2419 ut
2189 2382 2360 2433 figuram

155 2453 357 2505 quandam
384 2454 428 2492 in
456 2453 701 2504 superiorem
726 2451 841 2490 tollat
868 2451 1065 2501 ordinem,
1107 2452 1156 2490 iis
1184 2452 1217 2490 si
1245 2455 1362 2502 posta
1401 2454 1598 2501 uteretur,
1640 2453 1856 2502 superioris
1889 2452 2039 2492 ordinis
2073 2467 2282 2504 personam
2316 2458 2358 2495 in

154 2531 309 2567 mutam
336 2517 513 2567 verteret
539 2524 721 2576 figuram.

342 2599 454 2646 Quae
481 2599 622 2650 regula
648 2601 694 2636 ut
720 2601 900 2636 veterum
927 2598 1110 2649 exemplo
1138 2597 1391 2649 comprobata
1417 2601 1497 2648 est,
1529 2599 1586 2637 ita
1612 2598 1779 2637 consilio
1807 2602 1927 2649 atque
1955 2600 2158 2652 voluptate
2186 2602 2357 2651 quadam

151 2673 350 2712 deseritur
377 2685 400 2711 a
426 2672 697 2711 recentiorum
724 2673 900 2709 aetatum
925 2672 1069 2721 poetis,
1105 2672 1174 2719 qui
1201 2682 1300 2719 quas
1327 2671 1487 2721 fingunt
1512 2671 1723 2722 allegorias
1758 2683 1826 2710 eas
1856 2676 2087 2723 personatas
2119 2678 2355 2725 proponunt.

150 2744 238 2792 Qua
265 2747 308 2784 in
335 2749 420 2785 arte
448 2746 519 2795 qui
546 2745 696 2795 optime
726 2747 944 2794 versantur,
972 2745 1000 2781 ii
1027 2744 1262 2796 plerumque
1289 2756 1478 2795 personas
1504 2744 1637 2784 facere
1663 2748 1842 2795 agentes,
1874 2745 1916 2783 id
1942 2745 2047 2795 quod
2074 2749 2355 2798 gravissimum

147 2823 221 2869 est,
248 2830 409 2869 easque,
436 2819 577 2867 quales
604 2819 698 2867 sint,
726 2816 948 2855 actionibus
975 2822 1112 2855 notare
1138 2818 1336 2855 nesciunt.
2284 2863 2291 2873 ⁵

337 2890 589 2939 Quamquam
616 2891 725 2928 inter
751 2901 819 2927 eas
846 2901 920 2938 res,
949 2901 1046 2938 quas
1074 2890 1247 2928 artifices
1273 2890 1413 2939 figuris
1439 2891 1523 2928 suis
1548 2889 1769 2929 attribuere
1796 2891 1937 2941 solent,
1964 2895 2058 2929 sunt
2075 2904 2177 2940 quae
2197 2905 2220 2929 a
2237 2895 2354 2943 poeta

145 2966 282 3004 minus
306 2967 402 3005 sunt
425 2964 582 3004 alienae
610 2975 738 3013 eoque
766 2962 977 3013 digniores,
1005 2975 1072 3002 eas
1099 2963 1198 3013 dico,
1226 2975 1329 3013 quae
1357 2976 1438 3002 non
1463 2964 1691 3014 pertineant
1714 2963 1764 3002 ad
1789 2963 2032 3016 allegoriam,
2059 2965 2128 3005 sed
2151 2978 2253 3014 quae
2273 2966 2355 3004 sint

146 3038 430 3097 instrumenta,
457 3035 605 3087 quibus
632 3036 726 3076 illae
753 3035 916 3087 figurae,
944 3036 979 3074 si
1006 3037 1118 3075 vivae
1147 3040 1323 3088 agerent,
1350 3039 1419 3075 aut
1446 3038 1655 3076 uterentur
1672 3040 1742 3076 aut
1757 3038 1817 3076 uti
1837 3041 1945 3077 certe
1960 3041 2134 3089 possent.
2175 3037 2349 3077 Frenum
