2546 3529
1277 305 1325 339 23

864 427 1035 467 Pulchra
1063 439 1209 466 corona
1237 427 1447 464 luminum.

760 491 869 530 Trita
895 492 982 541 ipsa
1009 493 1122 540 prata
1147 489 1296 527 habent
1323 486 1551 536 smaragdos
1579 489 1619 523 ct
1647 496 1756 523 rosas

865 553 1002 605 Rupes
1029 556 1223 605 teguntur
1248 563 1435 602 purpura.

205 629 292 674 Quo
319 625 495 664 carmine
523 620 669 659 herbae
696 620 892 668 floresque
919 630 941 655 a
968 617 1083 655 docto
1110 620 1226 666 poeta
1253 614 1429 652 maxima
1455 617 1539 651 arte
1567 615 1705 663 quales
1733 616 1773 652 in
1802 620 1942 660 natura
1975 619 2135 655 exstant
2167 617 2403 666 pinguntur,

208 702 328 751 idque
356 699 442 736 sine
470 695 553 733 ulla
581 693 846 732 simulatione.
900 689 1041 741 Neque
1068 701 1215 738 negare
1243 688 1385 748 ausim,
1413 687 1482 737 qui
1509 687 1598 725 illas
1625 687 1766 725 herbas
1793 688 1986 739 floresque
2014 702 2218 740 nunquam
2245 690 2402 739 viderit,

207 773 383 823 anquam
402 780 454 807 ex
473 768 546 805 hac
570 751 724 817 pictura
752 764 827 803 sibi
849 774 1076 815 comparare
1095 773 1211 813 posse
1231 761 1372 799 harum
1390 769 1524 798 rerum
1546 760 1761 798 notionem.
1814 759 1934 799 Nulla
1951 762 2119 801 fortasse
2139 774 2161 800 a
2181 767 2293 812 poeta
2312 774 2403 813 pro-

206 846 334 896 posita
361 844 514 892 pictura
541 843 671 890 potest
698 838 989 888 comprehendi,
1016 837 1092 874 nisi
1122 848 1185 873 res
1215 836 1320 884 picta
1347 838 1465 872 antea
1492 836 1570 872 iam
1598 840 1689 872 nota
1710 835 1844 872 fucrit.
1897 834 2036 884 Neque
2058 837 2246 885 negarim,
2270 838 2403 874 animo

206 920 307 966 cius,
334 915 398 953 cui
428 914 650 962 contigerit,
679 915 724 949 ut
751 924 834 949 rem
864 910 1030 958 noverit,
1058 908 1272 947 nonnullas
1299 909 1386 945 eius
1412 912 1544 958 partes
1570 920 1641 957 per
1667 910 1825 958 poetam
1852 907 2066 946 dilucidius
2094 911 2254 958 proponi
2275 922 2402 959 posse.

208 989 253 1028 Id
281 999 407 1026 unum
433 997 597 1037 quaere,
632 988 716 1023 tota
742 996 804 1022 res
833 982 1028 1034 quomodo
1055 981 1180 1032 possit
1208 981 1369 1031 percipi.
1423 978 1551 1025 Quam
1579 981 1614 1018 si
1642 982 1702 1018 vis
1731 980 1863 1018 animo
1892 980 2016 1018 veluti
2050 985 2295 1030 praesentem
2329 982 2403 1020 fin-

209 1074 316 1111 gere,
345 1072 440 1098 cave
469 1071 518 1097 ne
546 1058 727 1108 singulae
754 1060 887 1107 partes
915 1057 1120 1094 emineant
1147 1066 1241 1104 prae
1269 1055 1450 1103 caeteris,
1477 1054 1549 1091 lux
1577 1055 1710 1103 potius
1737 1053 1921 1090 omnibus
1942 1054 2091 1102 pariter
2112 1055 2163 1091 sit
2182 1054 2402 1105 distributa,

209 1134 398 1183 cogitatio
426 1144 563 1169 omncs
591 1135 724 1180 partes
752 1142 831 1166 uno
857 1128 1001 1166 obtutu
1034 1139 1262 1177 percurrere
1288 1128 1414 1175 possit
1447 1132 1618 1175 oportet,
1653 1132 1697 1163 ut
1733 1139 1833 1175 rem,
1868 1138 1969 1175 quae
2003 1128 2043 1163 in
2079 1131 2219 1164 natura
2251 1130 2404 1177 conspi-

210 1209 316 1244 citur
343 1208 503 1253 cuncta,
538 1217 588 1242 ex
620 1203 700 1241 illis
726 1202 850 1251 possit
875 1213 1110 1250 componere
1138 1203 1334 1237 cunctam.
1388 1199 1485 1237 Idne
1514 1199 1608 1237 licet
1637 1200 1676 1236 in
1706 1200 1766 1237 his
1793 1199 1949 1237 Halleri
1982 1199 2187 1237 versibus?
2228 1199 2338 1244 Quod
2371 1202 2403 1237 si

215 1277 439 1328 negandum
468 1280 541 1326 est,
569 1276 638 1326 qui
664 1274 753 1314 fieri
779 1274 920 1324 potuit,
947 1277 991 1312 ut
1019 1272 1210 1322 dicerent,
1237 1271 1483 1311 simillimam
1505 1272 1673 1323 pictoris
1701 1272 1918 1323 imaginem
1945 1284 2038 1322 prae
2065 1271 2138 1310 hac
2158 1276 2295 1322 poetae
2319 1271 2405 1311 des·

210 1351 404 1402 criptione
433 1348 619 1401 pallidam
645 1348 729 1385 fore
758 1350 876 1398 atque
904 1346 1138 1385 obscuram?
1171 1346 1251 1383 imo
1278 1346 1376 1383 haec
1402 1345 1529 1383 multo
1565 1349 1626 1383 est
1660 1345 1825 1383 inferior
1858 1344 1956 1396 illis,
1991 1356 2093 1396 quae
2126 1344 2242 1382 lincis
2276 1345 2405 1396 expri-

213 1427 371 1462 mantur
398 1427 438 1461 et
465 1421 833 1470 coloribus,-atque
866 1421 1116 1457 existimator
1142 1424 1225 1457 tam
1252 1419 1376 1456 effusa
1406 1431 1495 1457 eain
1521 1420 1691 1457 efferens
1718 1419 1836 1456 laude
1863 1419 2005 1456 falsam
2033 1425 2195 1456 secutus
2229 1431 2314 1456 esse
2350 1420 2408 1455 vi-

210 1500 328 1537 detur
368 1498 573 1535 rationem.
641 1495 786 1533 Aliena
824 1495 975 1544 potius,
1016 1506 1118 1544 quae
1156 1496 1270 1543 pocta
1320 1493 1483 1542 adiecit,
1525 1497 1757 1531 ornamenta
1798 1494 1974 1542 respexit
2015 1494 2146 1542 ipsum
2186 1493 2407 1542 plantarum

214 1573 389 1622 vigorem
416 1568 667 1619 superantia,
702 1567 935 1605 interiorum
962 1567 1158 1605 virtutum
1185 1565 1510 1616 descriptionem,
1545 1565 1690 1616 quibus
1717 1567 1875 1604 interna
1904 1566 2130 1616 pulcritudo
2157 1566 2269 1616 quasi
2305 1565 2410 1604 volae

213 1647 347 1687 mento
374 1645 453 1692 est,
479 1652 599 1692 quam
626 1640 753 1690 ipsam
779 1639 1108 1690 pulcritudinem,
1134 1639 1313 1687 vigorem
1341 1638 1725 1689 similitudinemque
1754 1639 1958 1690 imaginis,
1987 1650 2090 1689 quae
2117 1638 2180 1676 vel
2202 1639 2328 1689 pictor
2346 1638 2410 1677 vel

212 1721 329 1768 poeta
357 1718 487 1767 potest
514 1712 715 1764 praebere.

402 1786 513 1833 Quae
541 1797 631 1823 cum
658 1786 701 1822 in
728 1786 790 1823 his
817 1785 901 1823 sola
927 1786 1007 1822 sint
1033 1785 1294 1835 respicienda,
1321 1786 1357 1823 is
1381 1785 1450 1835 qui
1478 1786 1684 1823 existimat
1711 1785 1772 1822 his
1800 1785 1998 1823 versibus:

905 1858 1042 1896 Flores
1069 1861 1260 1896 coronant
1287 1859 1397 1896 aurei
1426 1858 1547 1896 radiis
1575 1871 1690 1908 pares

1011 1920 1175 1959 Caulem
1203 1924 1323 1971 atque
1351 1925 1505 1959 vestem
1533 1922 1718 1959 caesiam.

907 1983 1090 2025 Frondes,
1109 1983 1284 2023 eburnae
1312 1983 1430 2023 lineis
1459 1983 1680 2022 virentibus

1012 2046 1152 2085 Nitent
1180 2059 1427 2097 gemmarum
1454 2047 1623 2085 fulmine

216 2136 380 2163 scnsrun
408 2134 489 2160 non
516 2123 649 2159 minus
676 2119 800 2168 affici,
836 2132 956 2169 quam
985 2119 1188 2169 Huysumi
1217 2121 1400 2170 picturis,
1429 2120 1597 2158 affectus
1623 2132 1727 2169 suos,
1755 2120 1894 2170 quales
1921 2121 2092 2170 fuerint,
2120 2124 2189 2158 aut
2215 2132 2419 2171 nunquam

216 2198 434 2248 diligenter
467 2194 714 2233 examinavit
748 2196 817 2232 aut
851 2193 1032 2231 consulto
1067 2193 1303 2232 dissimulat.
1368 2194 1517 2232 Versus
1552 2194 1661 2231 enim
1695 2193 1754 2231 illi
1788 2206 1900 2244 sane,
1944 2195 1977 2232 si
2012 2193 2198 2232 manibus
2238 2198 2419 2232 tenemus

217 2272 355 2308 florem
383 2270 531 2319 ipsum,
566 2270 735 2304 venuste
762 2270 929 2315 possunt
957 2267 1224 2315 pronuntiari,
1257 2278 1328 2315 per
1362 2278 1405 2303 se
1438 2267 1515 2315 ipsi
1550 2269 1619 2303 aut
1650 2278 1776 2315 pauca
1812 2271 1882 2304 aut
1913 2267 2012 2304 nihil
2045 2267 2191 2305 valent.
2252 2266 2421 2304 Tantum

218 2344 328 2382 enim
356 2340 486 2390 abest,
521 2344 565 2378 ut
593 2339 721 2390 qualis
749 2339 802 2377 sit
827 2351 891 2377 res
918 2340 1003 2389 ipsa
1029 2337 1206 2387 videam,
1232 2343 1278 2377 ut
1306 2340 1347 2377 in
1376 2350 1616 2389 unoquoque
1643 2339 1763 2377 verbo
1789 2344 1947 2398 poetam
1974 2340 2135 2379 audiam
2165 2340 2417 2379 laborantem.

407 2412 498 2452 Non
525 2413 659 2463 igitur,
687 2416 732 2450 ut
759 2415 936 2461 repetam
963 2422 1066 2462 quae
1094 2414 1213 2449 antea
1241 2410 1337 2460 dixi,
1365 2423 1468 2461 nego
1494 2411 1581 2449 fieri
1607 2423 1734 2462 posse,
1762 2415 1807 2450 ut
1834 2413 1960 2450 ora-tio
1986 2413 2072 2463 ipsa
2098 2414 2270 2463 corporis
2290 2416 2420 2463 partes

220 2487 430 2536 describat.
482 2485 590 2524 Fieri
617 2486 726 2523 enim
753 2488 895 2534 potest,
923 2485 1111 2534 quoniam
1138 2485 1252 2534 signa
1280 2485 1385 2533 eius,
1421 2485 1604 2535 quamvis
1632 2484 1710 2522 alia
1736 2486 1943 2535 sequentia
1979 2486 2074 2533 alia,
2109 2490 2245 2524 tamen
2276 2486 2325 2523 ad
2361 2490 2422 2523 ar-

222 2561 385 2599 bitrium
412 2562 507 2598 sunt
533 2558 644 2607 ficta,
677 2569 781 2607 nego
805 2558 982 2595 oratione
1009 2557 1083 2595 hoc
1109 2556 1197 2595 fieri
1224 2569 1338 2607 posse
1367 2558 1539 2608 poetica,
1576 2558 1722 2607 quippe
1749 2558 1854 2608 quod
1892 2557 2181 2608 descriptiones
2214 2559 2304 2596 illae
2340 2569 2422 2596 cor-

224 2645 361 2683 porum
388 2631 520 2670 verbis
541 2630 708 2670 effectae
730 2630 993 2668 similitudine
1015 2635 1188 2679 careant,
1216 2642 1336 2681 quam
1357 2631 1552 2680 imprimis
1573 2632 1727 2680 spectat
1749 2643 1813 2669 ars
1834 2632 2001 2681 poetica.
2055 2629 2139 2676 Qua
2163 2630 2423 2670 simititudine

225 2709 431 2755 propterea
454 2716 532 2742 non
560 2707 727 2754 possunt
755 2715 833 2740 non
861 2714 1008 2750 carere,
1035 2703 1141 2753 quod
1168 2704 1340 2753 corporis
1367 2707 1500 2753 partes
1529 2704 1680 2752 positae
1707 2707 1801 2741 sunt
1828 2704 1930 2741 aliae
1960 2705 2073 2741 iuxta
2098 2704 2207 2752 alias,
2234 2703 2423 2741 orationis

221 2781 355 2827 partes
396 2780 619 2827 sequuntur
659 2776 737 2814 alia
779 2776 910 2814 aliam.
983 2774 1068 2813 Iam
1110 2776 1144 2812 si
1190 2776 1252 2813 his
1300 2776 1393 2813 illa-e
1440 2775 1744 2822 describuntur,
1791 2777 1910 2814 facile
1959 2776 2119 2826 quidem
2169 2780 2295 2814 totum
2341 2775 2419 2812 dis-

222 2850 393 2888 solvitur
407 2850 447 2888 in
470 2853 619 2900 partes,
634 2848 705 2888 sed
718 2841 936 2888 dissolutae
950 2851 1083 2899 partes
1097 2851 1167 2887 aut
1181 2848 1345 2887 difficile
1361 2853 1654 2899 componuntur
1675 2854 1744 2887 aut
1765 2861 1925 2899 prorsus
1947 2862 2027 2888 non
2048 2853 2213 2900 possunt
2235 2848 2425 2898 componi.

415 2921 652 2971 Ubicunque
686 2922 810 2972 igitur
840 2933 919 2960 non
950 2921 1177 2971 quaerenda
1210 2926 1272 2960 est
1299 2934 1432 2960 rerum
1458 2921 1695 2971 similitudo,
1728 2922 1801 2960 sed
1834 2935 1946 2961 mens
1984 2922 2202 2972 legentium
2241 2921 2322 2959 sola
2356 2932 2428 2959 ex-

225 2993 401 3043 citanda,
434 2994 505 3031 ubi
531 2995 661 3034 clarae
684 3000 724 3033 et
751 2998 948 3044 quantum
973 2995 1061 3032 fieri
1092 2998 1224 3045 potest
1257 2995 1462 3033 absolutae
1496 2997 1679 3033 notiones
1713 2996 1845 3033 animo
1878 2999 1973 3033 sunt
2006 2994 2299 3046 percipiendae,
2335 2993 2428 3031 illae

225 3077 435 3117 corporum
468 3066 756 3118 descriptiones
789 3068 838 3107 ab
871 3070 956 3107 arte
989 3069 1144 3119 poetica
1178 3067 1332 3107 alienae
1364 3068 1467 3107 bene
1499 3073 1593 3107 sunt
1628 3068 1892 3117 adhibendae,
1933 3081 2063 3117 neque
2108 3067 2234 3105 solum
2276 3065 2431 3104 solutae

227 3138 416 3177 orationis
443 3138 672 3190 scriptores,
706 3139 776 3179 sed
802 3143 943 3191 poetae
971 3140 1094 3179 etiam
1121 3140 1170 3190 ii,
1197 3140 1266 3190 qui
1293 3140 1438 3180 docent
1465 3140 1519 3190 (id
1545 3141 1652 3180 enim
1679 3145 1878 3190 quatenus
1905 3140 2074 3189 faciunt,
2108 3151 2186 3178 non
2215 3138 2304 3177 veri
2337 3141 2435 3177 sunt
