2546 3529
1258 247 1304 282 17

184 367 391 427 cuspidem
430 372 560 422 arcui,
599 382 770 421 magnus
809 371 1076 419 curvatusque
1110 379 1226 407 arcus
1257 369 1475 407 remittitur
1507 377 1609 408 cum*
1627 371 1813 421 strepitu,
1853 382 2000 409 nervus
2032 369 2190 420 stridet,
2229 369 2378 420 sagitta

182 447 341 497 emicat,
369 443 564 492 avideque
591 453 755 494 scopum
779 442 893 494 petit.

373 515 484 562 Quae
510 514 724 566 descriptio
749 517 956 567 praestans
983 513 1151 564 Gaylum
1177 525 1260 552 non
1286 515 1442 564 poterat
1468 513 1655 564 effugere.
1708 513 1811 561 Quid
1837 517 1961 566 igitur
1987 520 2048 555 est
2071 511 2178 566 quod
2203 527 2294 555 eam
2312 516 2376 554 in-

183 589 431 630 commodam
456 588 693 628 iudieaverit
718 586 888 627 artifici?
926 586 1023 637 quid
1048 588 1134 625 erat
1160 585 1266 636 quod
1292 585 1529 631 concionem,
1548 585 1710 624 deorum
1737 588 2044 644 consultantium
2070 589 2374 641 potantiumque

183 664 222 703 ei
248 662 414 702 haberet
439 661 657 713 aptiorem?
682 663 852 710 utraque
878 671 943 699 res
969 671 1019 698 ea
1042 662 1121 710 est,
1157 670 1260 709 quae
1286 658 1413 697 oculis
1439 662 1635 697 cernatur.
1694 658 1778 697 Iam
1810 660 1906 709 quid
1938 661 2046 699 aliud
2078 673 2177 713 opus
2210 666 2273 701 est
2310 674 2373 701 ar-

183 735 283 774 tifici
309 736 360 774 ad
385 737 562 786 picturas
588 734 776 785 penicillo
803 733 1017 772 imitandas
1043 733 1123 770 nisi
1148 744 1213 771 res
1239 732 1366 771 oculis
1393 732 1659 783 conspicuae?

371 807 509 847 Nodus
534 808 594 846 rei
620 808 661 845 in
689 818 736 846 eo
762 807 916 858 positus
943 809 1015 857 est,
1043 805 1149 855 quod
1175 806 1358 855 quamvis
1384 807 1599 856 utrumque
1616 806 1872 856 propositum,
1898 809 1943 844 ut
1959 807 2084 845 oculis
2103 810 2371 860 conspicuum,

182 882 310 934 possit
335 882 465 933 pingi,
501 884 548 920 ed
576 884 709 919 tamen
736 880 808 919 hoc
836 879 885 919 ab
911 868 982 918 illo
1007 878 1159 929 differt,
1194 878 1298 928 quod
1326 881 1460 918 exstat
1486 879 1530 917 in
1557 877 1626 917 illo
1653 890 1717 917 res
1745 879 1956 930 conspicua
1981 879 2157 930 quidem,
2185 881 2254 921 sed
2279 894 2370 934 pro·

182 954 389 1006 grediens,
418 955 532 999 cuius
559 953 740 1004 singulae
766 956 900 1004 partes
927 951 1115 1003 deinceps
1141 952 1331 1002 temporis
1357 950 1529 990 decursu
1554 952 1765 1000 eveniunt,
1798 951 1841 988 in
1867 951 1940 988 hoc
1967 953 2069 990 aetio
2094 955 2304 1004 conspicua
2328 959 2371 994 et

181 1015 287 1078 ipsa,
327 1037 402 1065 nee
434 1030 566 1065 tamen
602 1025 870 1077 progrediens.
930 1023 1044 1070 Quod
1076 1025 1111 1062 si
1143 1023 1335 1075 pingendi
1368 1035 1451 1074 ars,
1491 1024 1679 1073 quoniam
1712 1024 1838 1075 signis
1870 1025 2124 1074 materiisque
2157 1025 2205 1063 ad
2239 1027 2370 1066 imita-

182 1101 334 1138 tionem
362 1100 505 1150 utitur,
535 1111 636 1149 quae
663 1099 742 1137 nisi
770 1099 813 1136 in
839 1098 968 1149 spatio
995 1108 1075 1135 non
1101 1080 1269 1148 possunt
1297 1097 1503 1148 coniungi,
1537 1109 1617 1135 non
1642 1096 1762 1136 habet
1789 1108 1867 1147 quo
1893 1100 2113 1148 temporum
2138 1099 2370 1139 varietatem

181 1173 415 1222 distinguat,
443 1173 620 1209 actiones
647 1175 824 1220 tempore
851 1170 1152 1220 progredientes
1176 1170 1287 1219 ipsae
1313 1181 1393 1206 non
1420 1173 1514 1206 sunt
1539 1170 1713 1219 pictoris,
1749 1170 1819 1217 qui
1846 1181 1926 1206 non
1952 1173 2081 1219 potest
2107 1181 2149 1208 se
2175 1182 2253 1208 non
2279 1183 2371 1210 con-

182 1245 312 1283 tinere
339 1245 381 1282 in
410 1243 636 1295 pingendis,
649 1243 715 1282 vel
743 1242 966 1281 actionibus
995 1243 1184 1289 continuo
1212 1241 1348 1281 ordine
1376 1243 1491 1280 iuxta
1516 1242 1656 1292 positis
1683 1241 1748 1280 vel
1774 1241 2003 1292 corporibus
2029 1242 2137 1291 solis,
2171 1253 2271 1291 quae
2303 1245 2370 1282 ha-

188 1316 275 1370 bitu
303 1319 498 1367 gestuque
527 1314 765 1366 significent,
793 1315 888 1364 quid
915 1318 1047 1366 agant.
1101 1312 1238 1365 Longe
1265 1314 1382 1353 aliter
1406 1325 1470 1352 ars
1496 1314 1663 1365 poetica.
2130 1313 2133 1315 ’

1226 1641 1336 1679 XVI.

369 1757 445 1795 Sed
475 1762 520 1794 ut
548 1769 630 1795 rem
659 1770 680 1795 e
708 1759 915 1808 principiis
941 1758 1147 1806 deducam,
1174 1758 1231 1795 ita
1258 1757 1467 1794 concludo:
1510 1757 1551 1794 Si
1578 1757 1770 1806 pingendi
1796 1769 1860 1794 ars
1887 1757 1936 1794 ad
1962 1758 2227 1814 imitationem
2262 1769 2372 1796 suam

179 1832 298 1881 longe
327 1831 416 1869 aliis
443 1832 572 1869 utitur
600 1832 776 1869 materiis
803 1835 844 1869 et
871 1832 997 1882 signis
1025 1835 1144 1880 atque
1172 1843 1235 1869 ars
1261 1832 1434 1881 poetica,
1472 1830 1611 1880 figuris
1639 1834 1679 1867 et
1706 1829 1902 1868 coloribus
1929 1832 1970 1868 in
1998 1832 2126 1882 spatio
2153 1831 2373 1869 coniunctis

179 1904 267 1953 illa,
303 1904 400 1941 haec-
429 1904 537 1941 sonis
566 1903 765 1942 distinctis
794 1907 835 1942 et
862 1907 1039 1955 tempore
1067 1903 1295 1953 disiunctis,
1330 1904 1365 1942 si
1390 1904 1505 1954 signa
1531 1904 1617 1941 sine
1646 1902 1765 1952 dubio
1790 1914 1869 1941 non
1897 1907 2063 1954 possunt
2089 1915 2169 1942 non
2196 1915 2283 1942 esse
2309 1915 2372 1942 ac-

180 1976 387 2014 comodata
414 1977 472 2014 rei
502 1976 767 2026 significatae,
800 1978 916 2027 signa
943 1979 1130 2015 continuo
1158 1976 1295 2015 ordine
1322 1977 1437 2014 iuxta
1463 1977 1593 2026 posita
1625 1977 1704 2014 nisi
1735 1988 1817 2025 res,
1851 1988 1952 2025 quae
1985 1977 2064 2014 alia
2096 1978 2210 2015 iuxta
2243 1978 2371 2025 aliam,

179 2049 245 2088 vel
273 2060 440 2098 quarum
468 2049 650 2099 singulae
677 2053 811 2100 partes
839 2050 1028 2087 continuo
1055 2049 1192 2088 ordine
1219 2048 1339 2087 simul
1365 2049 1447 2087 sint
1473 2049 1708 2100 propositae,
1739 2052 1877 2087 contra
1902 2050 2029 2100 signa,
2057 2061 2159 2098 quac
2186 2051 2371 2101 temporis

178 2122 350 2160 decursu
376 2122 483 2159 inter
510 2133 553 2160 se
580 2123 806 2173 excipiunt,
834 2122 913 2160 nisi
939 2133 1021 2172 reS,
1049 2133 1151 2171 quae
1179 2123 1306 2173 ipsae,
1335 2121 1398 2160 vcl
1427 2132 1595 2171 quarum
1621 2125 1754 2173 partes
1781 2121 1859 2160 alia
1885 2122 2006 2160 aliam
2033 2126 2266 2172 sequantur,
2292 2134 2369 2161 non

177 2198 346 2246 possunt
372 2195 609 2243 significare.
2209 2185 2214 2190 ’

363 2266 449 2305 Iam
477 2279 567 2306 cum
595 2279 675 2318 res,
710 2274 811 2318 quae
839 2269 954 2307 iuxta
978 2268 1131 2319 positae
1159 2270 1269 2318 sunt,
1303 2267 1367 2307 vel
1394 2278 1562 2317 quarum
1588 2271 1721 2319 partes
1749 2267 1849 2306 aliae
1876 2271 1971 2306 sunt
1998 2267 2112 2306 iuxta
2138 2268 2252 2318 alias,
2287 2280 2369 2307 eor·

176 2354 272 2392 pora
299 2342 575 2391 nominentur,
610 2342 800 2392 pingendi
828 2355 891 2381 ars
918 2342 1019 2381 nihil
1045 2341 1129 2380 fere
1157 2342 1233 2379 nisi
1262 2353 1424 2392 corpora
1450 2346 1492 2379 et
1519 2353 1619 2390 quae
1648 2343 1690 2379 in
1718 2342 1767 2379 iis
1794 2342 2030 2392 conspicuae
2058 2346 2248 2392 apparent
2274 2354 2369 2391 qua-

177 2409 313 2453 litates
344 2414 495 2464 fingere
535 2417 677 2465 potest.
707 2453 711 2457 Α
744 2414 889 2453 Contra
922 2425 1013 2452 cum
1046 2426 1127 2464 res,
1169 2425 1271 2463 quae
1304 2414 1415 2466 ipsae
1449 2414 1513 2452 vel
1541 2425 1709 2463 quarum
1735 2416 1868 2465 partes
1896 2413 1974 2452 alia
2004 2413 2123 2452 aliam
2150 2414 2370 2463 sequuntur

178 2489 355 2526 actiones
382 2488 656 2537 nominentur,
690 2489 820 2538 poesis
848 2488 949 2525 nihil
975 2487 1059 2526 fere
1086 2488 1164 2526 nisi
1196 2488 1374 2526 actiones
1405 2489 1599 2539 proponit.
1654 2486 1902 2536 Quamquam
1936 2498 2097 2537 corpora
2130 2498 2209 2525 non
2241 2488 2367 2525 solum

177 2561 359 2598 existunt
389 2561 432 2597 in
466 2560 610 2609 spatio,
655 2560 725 2599 sed
757 2562 879 2598 etiam
911 2564 1133 2611 temporum
1167 2560 1435 2598 vicissitudini
1468 2564 1562 2598 sunt
1594 2560 1783 2598 subiecta.
1843 2559 1944 2597 Nam
1979 2572 2070 2597 cum
2101 2563 2366 2609 permaneant,

177 2632 320 2681 quovis
346 2632 536 2683 temporis
562 2635 763 2671 momento
790 2632 958 2671 formam
984 2632 1261 2683 ordinemque,
1289 2644 1408 2682 quem
1434 2631 1599 2682 habent,
1626 2635 1781 2671 mutare
1807 2635 1985 2683 possunt.
2038 2630 2213 2678 Quarum
2238 2635 2366 2671 muta-

176 2705 331 2743 tionum
358 2717 450 2743 cum
475 2716 739 2756 unaquaeque
767 2717 887 2745 causa
914 2706 1049 2756 aliqua
1083 2706 1137 2744 sit
1171 2705 1314 2745 effecta
1339 2708 1388 2765 ‘et
1420 2706 1507 2758 ipsa
1539 2705 1659 2744 aliam
1690 2706 1815 2757 possit
1846 2704 2024 2756 efficere,
2056 2709 2101 2744 ut
2134 2716 2293 2757 corpora
2323 2705 2366 2743 in

175 2778 308 2815 media
334 2779 449 2826 quasi
476 2779 633 2816 actione
658 2780 813 2829 possint
841 2790 929 2816 esse
957 2781 1099 2830 posita,
1126 2791 1190 2817 ars
1216 2778 1409 2829 pingendi
1435 2780 1611 2817 actiones
1639 2779 1926 2827 quodammodo
1953 2783 2084 2829 potest
2108 2779 2264 2827 imitari,
2291 2789 2365 2815 nec

177 2852 312 2887 tamen
341 2861 409 2888 eas
435 2854 567 2900 potest
594 2850 820 2901 significare
847 2852 925 2889 nisi
954 2863 1160 2902 corporum
1188 2863 1394 2890 concursu.

364 2920 510 2961 Contra
536 2923 713 2963 actiones
741 2936 819 2963 non
845 2936 917 2975 per
942 2936 986 2964 se
1011 2923 1125 2974 fiunt,
1152 2924 1223 2964 sed
1249 2936 1320 2976 per
1345 2924 1570 2963 animantia
1588 2922 1794 2973 quaedam.
1847 2921 1957 2969 Quae
1985 2935 2075 2961 cum
2093 2922 2173 2961 sint
2191 2932 2365 2972 corpora,

177 2995 242 3034 vel
270 3005 476 3045 corporum
503 2995 642 3034 formis
668 2997 898 3048 induantur,
925 3009 989 3036 ars
1016 2999 1171 3049 poetica
1197 3009 1359 3049 corpora
1385 2998 1506 3037 etiam
1532 2992 1733 3042 describit,
1771 3008 1850 3036 non
1876 3000 2010 3036 tamen
2043 2995 2157 3034 aliter
2186 2994 2263 3033 nisi
2296 2994 2364 3043 ita,

176 3071 223 3107 ut
250 3079 297 3107 ea
324 3078 395 3119 per
422 3066 599 3106 actiones
626 3068 835 3119 significet.

2260 3137 2281 3170 3
