2546 3529
1254 276 1277 309 9

156 404 334 455 quidem,
362 403 467 453 quod
486 402 765 454 Temperantia
790 412 914 440 manu
940 401 1069 448 tenet,
1103 397 1305 445 columna,
1335 396 1381 434 ad
1411 407 1530 445 quam
1557 397 1753 435 annititur
1779 395 2015 444 constantia,
2044 405 2138 432 eum
2163 392 2290 432 solam
2318 390 2369 430 ad

157 477 392 529 allegoriam
418 476 662 528 pertineant,
690 477 832 525 poetae
859 471 962 510 nulli
989 474 1084 508 sunt
1109 470 1214 507 usui.
1269 467 1390 506 Libra
1416 471 1568 518 autem,
1597 480 1717 518 quam
1743 480 1865 507 manu
1891 470 2005 506 tenet
2031 467 2205 516 iustitia,
2232 465 2368 504 minus

156 551 239 589 iam
268 548 319 588 ad
346 549 579 600 allegoriam
606 538 779 597 spectat,
821 543 928 592 quod
953 542 1055 580 libra
1081 545 1190 580 reete
1215 542 1279 579 uti
1305 553 1444 579 revera
1470 544 1532 578 est
1556 542 1747 580 iustitiae.
1808 541 1916 591 Lyra
1948 541 2123 589 denique
2154 539 2222 578 vel
2253 537 2367 588 tibia,

154 634 277 674 quam
311 620 428 661 Musa
459 619 613 669 aliqua,
653 618 788 667 hasta,
830 626 952 665 quam
983 613 1107 665 Mars,
1150 613 1320 653 malleus
1352 612 1603 665 forcepsque,
1643 625 1741 663 quos
1775 613 1982 653 Vulcanus
2014 611 2200 652 manibus
2239 614 2365 662 tenet,

155 695 320 734 omnino
346 704 427 731 non
454 693 550 730 sunt
576 688 769 740 symbola,
797 687 867 727 sed
895 688 1174 738 instrumenta,
1203 687 1290 725 sine
1317 684 1462 735 quibus
1491 685 1560 723 illa
1586 687 1750 725 numina
1777 697 1874 736 quas
1894 687 1944 725 iis
1964 685 2176 725 tribuimus
2194 697 2260 725 res
2280 696 2363 724 non

152 771 323 818 possunt
336 742 548 813 conficere.
602 762 846 799 Huiusmodi
865 765 1000 798 autem
1019 764 1114 797 sunt
1134 762 1204 797 illa
1225 762 1353 810 signa,
1382 758 1527 806 quibus
1548 760 1608 795 uti
1628 762 1768 808 poetae
1788 762 1943 797 veteres
1964 761 2006 797 in
2024 758 2362 809 descriptionibus

153 840 239 878 suis
277 838 436 875 licitum
474 845 789 883 concessumque
830 833 907 872 sibi
946 837 1102 884 putant.
1166 832 1277 878 Quae
1318 835 1365 870 ut
1404 831 1453 869 ab
1496 831 1576 869 illis
1609 831 1659 868 ad
1691 831 1918 880 allegoriam
1951 832 2246 881 pertinentibus
2279 831 2363 869 dis-

153 910 403 961 tinguantur,
430 895 595 959 poetica'
614 906 914 946 nominaverim.
968 903 1145 952 Quorum
1172 906 1271 945 haec
1297 917 1383 944 rem
1409 904 1537 954 ipsam
1564 902 1802 954 significant,
1829 887 1898 941 illa
1924 904 2053 942 simile
2080 904 2187 953 quid.

1222 1228 1296 1267 XI.

342 1348 390 1386 In
417 1359 505 1397 eos,
533 1348 602 1396 qui
629 1347 758 1398 poetis
786 1357 889 1395 quae
916 1347 993 1398 ipsi
1020 1347 1353 1397 excogitaverunt
1382 1344 1549 1382 numina
1576 1344 1703 1395 signis
1730 1343 1779 1382 ad
1807 1343 2040 1395 allegoriam
2068 1332 2359 1395 pertinentibus

151 1434 241 1460 esse
277 1421 508 1459 exornanda
540 1424 702 1471 putant,
741 1420 975 1458 referendus
1005 1420 1166 1457 videtur
1198 1420 1284 1470 ipse
1312 1418 1470 1467 Caylus.
1530 1417 1570 1455 Is
1597 1429 1691 1455 vero
1717 1417 1909 1468 pingendi
1936 1418 2034 1455 artis
2067 1418 2230 1467 peritior
2262 1422 2358 1467 erat,

153 1507 273 1543 quam
300 1500 477 1545 poeseos.

340 1566 591 1617 Quamquam
618 1566 729 1617 liber,
756 1567 799 1604 in
827 1578 906 1615 quo
931 1565 1032 1604 illud
1050 1565 1269 1616 profitetur,
1295 1576 1361 1603 me
1380 1564 1430 1603 ad
1449 1564 1651 1615 graviores
1671 1563 1863 1613 quasdam
1883 1565 2091 1615 instigavit
2112 1564 2353 1615 contempla-

152 1641 296 1690 tiones,
324 1651 492 1689 quarum
521 1640 779 1691 gravissimas
805 1640 884 1678 iam
913 1639 1046 1678 animo
1073 1638 1315 1689 reputandas
1339 1649 1525 1689 propono.

341 1712 446 1751 Nam
474 1724 566 1751 eum
588 1713 657 1751 ille
676 1712 786 1762 velit,
814 1711 986 1750 artifices
1001 1711 1224 1750 Homerum
1246 1722 1448 1750 summum
1464 1714 1624 1762 poetam
1644 1709 1896 1759 eundemque
1915 1710 2138 1761 perfeetum
2156 1711 2358 1762 pictorem,

150 1786 347 1835 optimum
376 1789 546 1824 naturae
574 1787 817 1823 imitatorem
844 1788 1103 1835 cognoscant,
1137 1784 1313 1822 ostendit
1338 1785 1405 1833 iis,
1439 1788 1631 1833 quantam
1659 1784 1814 1834 copiam
1842 1784 2074 1821 etiamnunc
2103 1795 2264 1835 prorsus
2289 1796 2357 1822 ne-

147 1858 321 1908 glectam
357 1860 597 1909 optimarum
631 1857 979 1897 adumbrationum
1009 1869 1073 1896 res
1107 1870 1131 1896 a
1157 1857 1309 1896 Graeco
1342 1857 1412 1895 illo
1446 1860 1640 1895 tractatae
1674 1856 1864 1905 offerant,
1905 1868 2105 1907 operaque
2140 1868 2277 1895 eorum
2311 1869 2357 1895 eo

146 1930 386 1982 perfectiora
411 1930 508 1982 fore,
537 1943 615 1981 quo
643 1930 878 1982 diligentius
904 1930 970 1969 vel
997 1930 1175 1969 minimis
1202 1943 1226 1969 a
1251 1933 1370 1982 poeta
1396 1930 1714 1969 commemoratis
1741 1929 1861 1968 rebus
1888 1933 2065 1969 utantur.

335 2003 385 2055 In
419 2005 481 2041 his
513 2008 649 2042 autem
682 2004 787 2052 quod
824 2006 943 2040 antea
971 2003 1231 2041 distinximus
1258 2004 1408 2054 duplex
1433 2004 1627 2040 miscetur
1652 2004 1888 2040 imitationis
1916 2014 2055 2053 genus.
2115 2003 2216 2041 Vult
2250 2003 2358 2040 enim

148 2075 217 2113 ille
245 2076 373 2126 pictor
399 2088 480 2114 non
508 2077 638 2115 solum
665 2077 772 2115 idem
799 2077 992 2127 imitetur,
1020 2076 1125 2126 quod
1151 2079 1269 2128 pocta
1297 2080 1358 2115 est
1384 2077 1578 2127 imitatus,
1612 2076 1683 2115 sed
1708 2077 1849 2115 eodem
1876 2077 1992 2115 modo
2021 2076 2241 2127 eademque
2267 2077 2357 2116 imi-

150 2153 264 2188 tetur
290 2151 457 2200 ratione,
485 2156 626 2200 poetae
651 2153 842 2198 sequatur
867 2162 949 2188 non
976 2151 1105 2187 solum
1131 2152 1413 2200 narrationem,
1441 2151 1510 2188 sed
1537 2151 1659 2188 etiam
1688 2155 1826 2188 artem.

337 2221 426 2261 Hoc
454 2226 590 2262 autem
619 2223 841 2263 seeundum
868 2234 997 2273 genus
1025 2223 1262 2262 imitationis
1287 2227 1406 2274 poeta
1431 2223 1655 2274 indignum,
1683 2235 1756 2262 eur
1781 2235 1860 2262 non
1887 2223 1995 2262 idem
2022 2223 2234 2274 indignum
2261 2224 2355 2262 arti·

147 2293 250 2331 fiee?
292 2292 436 2332 Nonne
464 2296 499 2333 si
527 2299 621 2334 ante
646 2295 867 2334 Homerum
901 2298 1014 2333 tanta
1040 2285 1266 2334 exstitisset
1298 2296 1521 2346 imaginum
1553 2296 1694 2346 series,
1735 2299 1928 2346 quantam
1962 2307 2015 2335 ex
2048 2296 2135 2335 eius
2170 2295 2353 2348 operibus

144 2366 295 2416 profert
322 2366 490 2418 Caylus,
531 2372 573 2407 et
601 2370 636 2406 si
662 2381 735 2406 nos
768 2381 848 2407 non
883 2362 1175 2420 ignorarenfiis,
1216 2371 1375 2419 poetam
1411 2370 1454 2406 in
1492 2369 1737 2407 carminibus
1774 2370 1857 2407 suis
1892 2370 1963 2407 has
1996 2369 2070 2407 sibi
2104 2370 2353 2420 proposuisse

151 2439 391 2490 imitandas,
423 2441 633 2480 admiratio
660 2444 747 2481 eius
774 2443 1024 2491 aliquantum
1051 2443 1367 2481 diminueretur?
1400 2442 1518 2480 Unde
1544 2444 1669 2493 igitur
1693 2443 1757 2492 fit,
1793 2447 1839 2481 ut
1865 2443 2059 2481 artificem
2084 2444 2248 2480 minoris
2275 2454 2352 2480 non

143 2513 423 2564 aestimemus,
452 2516 635 2563 quamvis
661 2516 762 2554 nihil
786 2516 909 2555 faeiat
935 2516 1014 2554 nisi
1040 2519 1087 2554 ut
1114 2527 1217 2565 quae
1242 2520 1361 2567 poeta
1386 2515 1537 2566 verbis,
1568 2529 1615 2554 ea
1641 2516 1780 2567 figuris
1817 2516 2094 2565 coloribusque
2129 2516 2351 2567 exprimat?

334 2585 459 2625 Cuius
485 2589 545 2625 rei
573 2600 693 2627 causa
720 2589 818 2628 haee
843 2588 1004 2627 videtur
1029 2600 1129 2628 esse.
1183 2588 1341 2627 Artifiei
1368 2589 1638 2628 difficiliorem
1665 2602 1753 2629 esse
1781 2590 2048 2640 intelligimus
2068 2589 2348 2640 perfectionem

144 2659 277 2710 operis
303 2660 548 2711 inventione,
574 2664 733 2712 poetam
759 2664 898 2700 contra
923 2661 1107 2700 videmus
1133 2662 1246 2700 illam
1271 2674 1366 2713 prae
1393 2663 1467 2700 hae
1493 2662 1652 2701 facilius
1680 2674 1796 2714 posse
1824 2663 1994 2712 assequi.
2050 2660 2160 2708 Quod
2190 2662 2223 2699 si
2250 2660 2348 2699 Ver-

140 2733 262 2783 gilius
291 2732 436 2771 liberos
462 2732 701 2773 Laocoontis
739 2746 830 2773 cum
862 2736 949 2787 ipso
982 2739 1096 2787 patre
1128 2735 1302 2774 nexibus
1335 2737 1532 2787 serpentis
1566 2738 1736 2776 innexos
1771 2750 1794 2775 a
1826 2740 1960 2775 statua
1994 2740 2100 2775 esset
2132 2737 2346 2783 mutuatus,

140 2806 304 2855 merito,
337 2806 442 2854 quod
467 2807 511 2844 in
537 2808 612 2845 hae
639 2820 682 2846 re
710 2809 872 2858 gravius
900 2812 941 2847 et
966 2810 1096 2847 maius
1122 2812 1203 2859 est,
1240 2813 1412 2860 careret,
1446 2811 1580 2847 minus
1607 2813 1766 2848 tantum
1793 2814 1973 2849 restaret.
2027 2808 2211 2847 Invenire
2238 2807 2346 2845 enim

139 2867 253 2915 illam
277 2890 363 2916 rem
385 2878 513 2916 multo
540 2881 702 2929 gravius
732 2884 811 2931 est,
851 2893 972 2930 quam
996 2881 1131 2919 verbis
1158 2894 1247 2919 eam
1275 2883 1512 2933 exprimere.
1567 2882 1638 2921 Sin
1664 2884 1812 2922 artifex
1840 2895 1929 2922 eam
1963 2895 1986 2921 a
2018 2884 2133 2933 poeta
2167 2880 2344 2930 deprom-

139 2951 270 3001 sisset,
298 2952 396 2990 satis
422 2955 558 2991 tamen
588 2953 704 2992 nobis
730 2954 937 2993 videretur
961 2956 1141 3005 meritus,
1169 2957 1351 3003 quamvis
1379 2957 1624 2994 inventionis
1650 2957 1769 2995 laude
1797 2961 1962 2995 careret.
2016 2955 2208 2992 Marmore
2237 2953 2344 2989 enim

136 3035 224 3063 rem
250 3023 402 3076 fingere
429 3025 557 3064 multo
585 3025 790 3066 difficilius
817 3031 889 3078 est,
925 3039 1045 3077 quam
1082 3027 1226 3067 verbis.
1288 3027 1420 3074 Quare
1453 3030 1486 3068 si
1521 3030 1795 3069 inventionem
1829 3040 2101 3080 comparamus
2134 3038 2222 3064 eum
2255 3037 2344 3076 pcr-

146 3097 336 3150 feetione,
364 3097 506 3137 artifici
533 3098 645 3138 illam
673 3111 719 3140 eo
746 3099 938 3140 libentius
964 3101 1217 3153 remittimus,
1245 3113 1322 3153 quo
1349 3103 1478 3156 magis
1505 3103 1607 3143 hane
1634 3106 1696 3143 est
1722 3107 1939 3144 assecutus.

2239 3172 2258 3202 2
