2546 3529
1261 237 1286 271 4

158 357 381 397 ornandam
415 356 523 395 facta
553 359 624 394 aut
656 357 809 407 imponi
841 359 912 395 aut
941 356 1090 408 deponi
1120 361 1317 409 poterant.
1385 357 1489 398 Nam
1521 357 1627 409 apud
1657 357 1845 397 Ovidium
1877 355 1927 395 de
1959 353 2116 393 Baccho
2146 350 2380 394 solemniter

164 432 344 469 invocato
370 429 470 468 haec
496 432 611 468 sunt:

920 500 1011 541 Tibi
1038 514 1131 542 cum
1157 504 1246 544 sine
1273 503 1460 544 cornibus
1486 504 1621 544 adstas

920 575 1162 628 Virgineum
1189 581 1310 629 caput
1338 582 1411 617 est.

160 649 321 688 Poterat
345 650 472 700 igitur
493 648 593 688 deus
620 649 709 688 sine
736 648 928 689 cornibus
961 662 1170 701 apparere,
1204 654 1245 689 et
1277 651 1462 702 apparuit
1494 651 1581 690 sine
1614 651 1713 701 illis,
1748 650 2065 700 quotiescunque
2097 649 2280 700 virginea
2305 661 2375 688 ve-

160 726 319 762 nustate
347 725 511 761 ornatus
536 721 697 773 prodire
723 722 866 761 voluit.
920 722 1057 762 Talem
1084 735 1175 761 cum
1202 723 1351 762 artifex
1378 735 1473 762 eum
1498 724 1623 762 vellet
1648 723 1857 774 exhibere,
1893 724 2027 762 omnia
2055 726 2169 762 erant
2196 721 2373 774 vitanda,

159 807 260 845 quae
285 795 492 834 venustati
518 794 826 835 obtrectassent.
889 795 1191 835 Obtrectassent
1226 799 1362 835 autem
1396 808 1477 835 non
1511 808 1660 835 cornua
1693 796 1840 847 solum,
1875 808 1978 846 quae
2011 795 2227 835 diademati
2259 799 2375 835 erant

157 869 355 919 imposita,
382 871 430 906 ut
455 869 499 906 in
534 869 667 919 capite
702 868 894 918 quodam,
931 869 1036 918 quod
1070 872 1132 907 est
1165 870 1207 906 in
1242 869 1429 907 thesauro
1463 870 1574 919 regio
1607 868 1874 918 Berolinensi,
1910 869 2086 919 conspici
2118 872 2268 919 potest,
2302 867 2373 907 sed

156 942 289 993 ipsum
314 939 511 991 diadema,
540 941 667 991 quod,
702 953 797 980 cum
823 941 1029 992 pulchram
1054 942 1228 980 frontem
1254 941 1445 991 velasset,
1480 942 1523 979 in
1550 941 1695 980 statuis
1721 940 1869 979 Bacchi
1895 944 1979 979 tam
2002 953 2090 980 raro
2118 942 2373 993 conspicitur,

157 1025 277 1063 quam
304 1025 455 1052 cornua
480 1015 588 1065 ipsa,
627 1025 873 1063 quamquam
900 1027 923 1052 a
947 1015 1076 1065 poetis
1102 1013 1193 1062 deo,
1229 1017 1275 1051 ut
1300 1014 1503 1052 inventori
1537 1014 1643 1061 eius,
1675 1024 1754 1050 non
1788 1024 1876 1050 raro
1910 1013 2113 1052 tribuitur.
2172 1014 2229 1052 Hi
2263 1016 2372 1053 enim

155 1087 349 1138 appositis
374 1086 458 1126 illis
484 1098 550 1125 res
578 1099 602 1125 a
628 1086 703 1125 deo
731 1089 866 1137 gestas
892 1090 1154 1135 naturamque
1182 1087 1269 1125 eius
1296 1085 1402 1124 belle
1429 1084 1721 1137 significabant,
1757 1083 1932 1123 artifices
1959 1085 2022 1122 his
2047 1070 2220 1125 fuissent
2245 1087 2372 1139 impe-

154 1159 231 1198 diti
259 1160 454 1198 maiorem
485 1159 681 1199 exhibere
708 1162 974 1199 venustatem.
1027 1157 1129 1197 Nam
1155 1159 1190 1197 si
1216 1157 1411 1209 Bacchus,
1438 1157 1544 1207 quod
1570 1158 1669 1196 mihi
1695 1156 1858 1207 quidem
1883 1169 2119 1208 persuasum
2147 1163 2220 1209 est,
2248 1172 2296 1199 ea
2322 1160 2371 1200 de

155 1244 279 1271 causa
305 1232 490 1271 biformis
516 1230 754 1284 (δίμορφος)
782 1236 844 1271 031
870 1232 1115 1283 appellatus,
1149 1231 1254 1281 quod
1275 1231 1383 1270 idem
1410 1235 1451 1269 et
1478 1234 1674 1269 venustus
1701 1234 1742 1270 et
1768 1230 1951 1269 horridus
1982 1234 2139 1282 poterat
2169 1244 2371 1284 apparere,

155 1305 243 1345 fieri
269 1318 352 1345 non
379 1309 553 1358 poterat,
587 1307 687 1356 quin
721 1305 894 1345 artifices
929 1318 1019 1345 eam
1051 1305 1297 1356 praeferrent
1329 1305 1516 1355 formam,
1553 1316 1656 1354 quae
1692 1309 1859 1344 naturae
1894 1305 1992 1344 artis
2025 1316 2162 1344 eorum
2192 1307 2370 1347 maxime

154 1383 243 1419 erat
268 1380 537 1420 accomodata.
1345 1369 1347 1372 ¹

344 1453 432 1493 Iam
474 1466 568 1492 cum
607 1452 790 1491 Minerva
832 1457 873 1491 et
910 1441 1037 1492 June⁴
1057 1466 1081 1491 a
1120 1454 1248 1504 poetis
1280 1453 1472 1491 Romanis
1505 1453 1665 1503 saepius
1703 1452 1909 1503 fingantur
1939 1452 2112 1491 fulmina
2148 1454 2368 1506 mittentes,

156 1530 312 1582 Spence
338 1528 502 1577 mirans,
530 1539 603 1565 cur
629 1526 731 1565 tales
757 1538 838 1565 non
864 1527 907 1565 in
935 1528 1061 1578 signis
1079 1538 1236 1576 quoque
1255 1526 1472 1578 fingantur,
1499 1526 1738 1577 suspicatur,
1771 1537 2005 1564 concessum
2021 1526 2122 1565 illud
2140 1527 2267 1567 fuisse
2286 1528 2368 1568 illis

153 1603 231 1642 diis
256 1612 353 1653 prae
380 1601 563 1649 caeteris,
600 1610 844 1648 causamque
872 1600 960 1638 eius
987 1600 1045 1638 rei
1069 1600 1237 1639 fortasse
1265 1599 1547 1638 Samothraciis
1584 1599 1773 1638 traditam
1807 1611 1895 1638 esse
1929 1600 2153 1651 mysteriis,
2182 1601 2232 1639 ad
2263 1613 2366 1651 quae

158 1687 250 1713 cum
277 1674 463 1713 statuarii
492 1685 516 1711 a
541 1672 737 1710 Romanis
770 1673 958 1723 vulgares
990 1672 1113 1711 habiti
1140 1684 1228 1711 raro
1258 1677 1393 1711 essent
1426 1673 1608 1722 admissi,
1635 1674 1739 1711 hanc
1771 1684 1857 1710 rem
1890 1673 2070 1722 ignotam
2097 1673 2153 1711 ¹ab
2188 1675 2238 1712 iis
2268 1674 2368 1726 fingi

154 1761 235 1786 non
260 1747 451 1799 potuisse.
506 1743 613 1791 Quid
640 1744 778 1783 enim?
804 1745 1042 1796 vulgaresne
1070 1745 1160 1784 illos
1186 1747 1368 1784 homines
1383 1746 1502 1797 genio
1517 1756 1589 1784 suo
1608 1749 1726 1796 putas
1744 1744 1973 1795 indulsisse,
2000 1757 2050 1783 an
2074 1746 2263 1785 mandata
2278 1759 2367 1787 esse

153 1823 365 1860 exsecutos
392 1820 569 1858 virorum
596 1818 806 1869 nobilium,
834 1818 979 1868 quibus
1005 1820 1197 1868 mysteria
1221 1823 1385 1871 possent
1412 1832 1500 1858 esse
1528 1823 1666 1870 aperta
1680 1819 1699 1857 ⁸?
1725 1831 1824 1857 num
1851 1820 2035 1857 statuarii
2062 1820 2168 1871 apud
2195 1820 2366 1860 Graecos

155 1896 277 1933 etiam
304 1891 656 1944 despiciebantur?
685 1903 820 1930 nonne
847 1891 1043 1929 artificum
1070 1892 1339 1931 Romanorum
1366 1893 1549 1944 plerique
1578 1905 1629 1931 ex
1657 1893 1826 1931 Graecia
1853 1897 1968 1931 erant
1994 1893 2097 1931 orti?
2125 1897 2294 1933 caetera.

342 1965 464 2025 Porro
492 1965 647 2006 Statius
674 1969 716 2005 et
741 1965 930 2004 Valerius
956 1964 1122 2005 Flaccus
1149 1967 1292 2006 iratam
1320 1966 1521 2016 quandam
1542 1967 1743 2006 Venerem
1773 1966 2005 2005 describunt
2031 1970 2114 2005 tam
2134 1967 2366 2007 horribilem

151 2043 258 2093 visu,
292 2045 339 2081 ut
371 2045 459 2080 tum
491 2040 684 2092 temporis
709 2038 832 2078 Furia
862 2040 1009 2091 potius,
1047 2033 1167 2090 quam
1200 2042 1346 2080 amoris
1392 2040 1467 2080 dea
1498 2040 1636 2080 haberi
1667 2041 1804 2093 possit.
1871 2039 2039 2087 Qualem
2081 2053 2173 2079 cum
2212 2040 2366 2093 Spence

150 2118 299 2156 frustra
324 2116 367 2153 in
396 2115 653 2164 antiquorum
682 2112 883 2151 artificum
910 2112 1093 2164 operibus
1120 2118 1342 2164 quaereret,
1370 2106 1466 2163 qu‘id
1491 2114 1585 2153 inde
1613 2126 1706 2153 eum
1737 2118 1856 2166 putas
1889 2114 2159 2153 conclusisse?
2194 2126 2292 2152 num
2324 2115 2366 2153 id

151 2190 256 2240 quod
282 2192 369 2228 erat
395 2187 733 2236 concludendum,
768 2189 910 2237 poetae
937 2187 1057 2225 licere
1083 2187 1216 2238 plura,
1253 2199 1373 2237 quam
1400 2189 1594 2226 statuario
1621 2189 1873 2239 pictorique?
1920 2187 2082 2237 Contra,
2124 2199 2217 2225 cum
2243 2189 2281 2226 ei
2312 2189 2366 2236 sit

151 2263 423 2313 exploratum,
458 2262 501 2299 in
527 2263 738 2312 poetarum
766 2259 1098 2309 descriptionibus
1126 2261 1227 2299 nihil
1254 2273 1343 2299 esse
1371 2261 1634 2311 laudandum,
1662 2261 1768 2310 quod
1795 2262 1837 2299 in
1864 2262 2021 2312 pictura
2054 2260 2120 2298 vel
2154 2262 2198 2299 in
2231 2265 2366 2300 statua

153 2336 290 2374 fictum
316 2334 551 2374 indecorum
577 2337 698 2383 esset,
726 2336 865 2383 poetas
891 2332 980 2371 illos
1008 2334 1049 2371 111
1076 2335 1150 2372 hac
1177 2346 1220 2372 re
1248 2338 1363 2385 putat
1390 2346 1590 2385 peccasse.
1646 2332 1723 2380 Qui
1751 2346 1842 2373 cum
1859 2334 2090 2386 posterioris
2111 2334 2192 2372 31111
2208 2335 2364 2385 aetatis,

151 2421 230 2458 qua
256 2408 418 2458 quidem
443 2407 717 2446 Romanorum
745 2417 809 2444 ars
835 2405 916 2443 iam
938 2405 1060 2445 fuerit
1088 2407 1319 2458 depravata,
1347 2408 1422 2446 hac
1448 2419 1606 2456 quoque
1641 2419 1702 2458 re,
1736 2412 1932 2457 quantum
1957 2408 2026 2446 isti
2054 2407 2256 2446 caruerint
2282 2408 2364 2446 ele-

150 2483 298 2533 gantia,
325 2493 446 2531 quam
474 2484 659 2532 corrupto
679 2479 833 2517 fuerint
859 2478 1007 2517 iudicio
1034 2492 1235 2531 apparere.
1290 2481 1328 2518 A
1355 2480 1532 2519 melioris
1560 2482 1668 2519 enim
1696 2482 1840 2520 aetatis
1867 2482 1996 2533 poetis
2024 2492 2104 2519 non
2125 2481 2181 2518 ita
2201 2480 2363 2532 elegan-

149 2556 231 2594 tiae
258 2555 369 2606 leges
394 2566 482 2594 esse
506 2553 691 2593 offensos.

337 2628 450 2667 Haec
477 2639 558 2672 non
582 2630 679 2666 sunt
705 2626 844 2677 magni
871 2627 1077 2665 acuminis.
1115 2625 1388 2676 Quamquam
1414 2628 1514 2666 mihi
1542 2639 1623 2666 11011
1650 2631 1713 2667 031
1747 2629 1995 2679 propositum
2026 2628 2100 2666 hac
2132 2628 2176 2665 in
2210 2639 2253 2666 re
2275 2627 2363 2666 Sta-

148 2702 251 2740 tium
279 2705 348 2740 aut
363 2701 572 2740 Valerium
597 2698 826 2749 defendere,
847 2699 918 2738 sed
933 2700 1163 2751 generalem
1182 2700 1383 2751 quandam
1411 2701 1505 2740 inde
1531 2701 1755 2750 quaesitam
1787 2713 2005 2753 proponam
2030 2700 2361 2740 observationem.

145 2775 213 2814 Dii
239 2775 349 2813 enim
375 2775 632 2823 numinaque,
660 2772 797 2822 qualia
824 2772 972 2810 artifex
997 2772 1126 2825 fingit,
1157 2785 1238 2812 non
1265 2785 1427 2825 prorsus
1455 2773 1596 2812 eadem
1623 2777 1729 2825 sunt,
1757 2778 1878 2823 atque
1906 2774 2052 2824 quibus
2079 2774 2208 2811 utitur
2232 2778 2362 2825 poeta.

145 2848 258 2895 Quae
277 2846 383 2899 apud
402 2846 517 2885 illum
536 2847 721 2886 notiones
742 2845 940 2896 quaedam
955 2850 1049 2885 sunt
1074 2848 1286 2887 universae
1313 2848 1489 2886 humana
1523 2848 1657 2905 specie
1698 2847 1882 2899 indutae,
1916 2847 2058 2887 eadem
2096 2859 2254 2899 semper
2295 2847 2362 2886 vel

145 2921 270 2963 simili
298 2923 424 2969 certe,
450 2925 513 2970 ut,
541 2921 611 2969 qui
637 2921 740 2970 sint,
775 2922 1062 2970 agnoscantur,
1099 2921 1255 2959 ratione
1282 2920 1513 2972 fingendae,
1540 2921 1607 2959 hic
1633 2921 1697 2971 iis,
1725 2921 1874 2972 quippe
1901 2932 2001 2970 quos
2029 2924 2196 2972 agentes
2226 2920 2361 2970 faciat,

142 2998 304 3046 praeter
327 2993 556 3032 universam
581 2993 693 3032 illam
719 2997 907 3033 naturam
932 2991 1138 3031 definitam
1164 2993 1366 3043 quandam
1392 2993 1536 3033 tribuit
1556 2993 1733 3032 indolem
1755 2997 1797 3033 et
1819 2998 1949 3033 certos
1967 2993 2159 3043 quosdam
2178 2993 2361 3041 affectus,

142 3069 230 3118 qui,
263 3068 299 3106 si
316 3078 382 3106 res
407 3067 600 3118 postulat,
631 3067 743 3105 illam
770 3065 1061 3117 quodammodo
1088 3066 1314 3106 obscurant.
1370 3066 1556 3118 Sculptor
1583 3068 1708 3118 igitur
1735 3067 1952 3117 Venerem,
1980 3078 2083 3116 quae
2112 3067 2150 3104 ei
2177 3065 2279 3103 nihil
2298 3070 2362 3103 est
