2546 3529
1250 279 1272 312 3

148 403 374 452 faciemque
408 403 496 441 eius
529 401 579 440 ad
611 401 747 439 focum
774 401 919 439 stantis
947 399 1183 438 calefactam
1209 398 1370 437 rubram
1397 399 1680 448 ardentemque
1707 398 1918 449 depingat,
1952 397 2034 435 nisi
2057 408 2112 435 ex
2137 407 2259 447 opere
2281 396 2366 446 pic-

150 476 247 515 toris
274 475 407 523 aliquo
436 473 623 524 cognosci
649 485 730 510 non
755 475 923 522 poterat,
950 472 1085 510 labore
1114 471 1327 520 defatigari
1352 472 1467 520 vires,
1495 472 1632 510 ardore
1658 472 1870 510 rubescere
1896 470 2069 508 faciem?
2106 473 2229 518 atque
2271 480 2363 506 cum

149 545 361 586 Lucretius
389 544 722 584 commutationes
749 546 974 593 temporum
1011 543 1107 580 anni
1140 541 1450 593 quadripertitas
1484 543 1697 593 describat,
1735 554 1884 592 easque
1920 554 2002 580 una
2037 554 2131 580 cum
2166 543 2363 580 comitatu

149 632 288 659 earum
313 630 459 659 rerum,
488 628 588 664 quas
615 617 725 666 ipsae
754 616 840 654 sive
868 616 912 653 in
939 620 1030 653 aere
1058 616 1143 653 sive
1172 616 1214 652 in
1243 618 1348 652 terra
1376 626 1428 652 ex
1456 627 1587 653 rerum
1606 620 1748 654 natura
1766 616 1986 666 proferunt,
2014 614 2130 653 nobis
2150 618 2360 666 proponat,

148 703 245 729 num
272 702 365 729 eum
391 691 510 740 putas
537 699 665 725 uuum
692 687 819 734 diem,
848 699 927 725 non
954 699 1026 738 per
1052 698 1202 725 annum
1230 687 1373 725 saltem
1400 687 1568 735 vixisse,
1595 699 1796 737 negasque
1822 699 1890 726 eas
1918 688 2253 726 commutationes
2280 699 2357 726 usu

148 775 241 802 eum
268 761 523 813 cognovisse,
552 763 598 798 ut
624 760 703 798 nisi
729 772 889 812 pompa,
917 761 960 798 in
985 771 1066 809 qua
1090 763 1247 797 statuae
1275 770 1412 817 earum
1440 759 1834 809 circumferebantur,
1861 756 2001 799 doctus
2028 773 2095 800 eas
2123 772 2205 799 non
2230 761 2358 812 possit

148 834 400 875 describere?
428 846 452 871 a
470 818 624 872 'statuis
648 832 807 872 demum
834 833 916 872 illis
943 833 1143 872 Horarum
1171 835 1350 871 veterem
1376 831 1486 870 illam
1513 836 1719 883 poetarum
1745 836 1869 871 artem
1895 832 2034 872 didicit
2063 835 2153 873 viva
2176 833 2355 886 fingendi

148 919 251 957 quae
279 918 359 945 non
386 907 561 944 vivunt?
602 906 763 958 Nonne,
791 918 883 945 cum
901 906 1107 958 Vergilius
1125 906 1304 944 Araxem
1330 905 1438 943 dicat
1465 908 1651 956 „pontem
1677 905 1961 957 indignatum,“
1989 907 2086 945 haec
2103 908 2235 959 imago
2255 919 2352 946 sane

147 981 270 1032 digna
297 984 414 1031 poeta
441 980 618 1018 fluminis
645 981 751 1031 ripas
779 980 1014 1019 excedentis
1035 984 1278 1030 pontemque
1299 980 1376 1030 ipsi
1396 980 1627 1029 impositum
1653 979 1870 1018 scindentis
1890 981 1996 1017 omni
2014 980 2189 1019 nudatur
2206 993 2352 1020 venus—

146 1058 249 1103 tate,
278 1055 313 1092 si
339 1058 456 1104 potita
483 1054 544 1091 his
571 1053 704 1092 verbis
731 1053 945 1091 artificium
978 1052 1139 1100 aliquod
1176 1052 1378 1102 designat,
1417 1063 1494 1099 quo
1528 1052 1593 1089 hic
1620 1052 1764 1089 Amnis
1798 1055 1960 1109 pontem
1991 1065 2128 1091 revera
2160 1066 2350 1104 rumpens

146 1125 323 1177 fingitur.
350 1148 401 1154 —
428 1124 625 1171 Quorsum
653 1124 848 1163 eiusmodi
875 1124 1176 1175 explicationes,
1197 1135 1299 1173 quae
1320 1124 1428 1162 locos
1448 1123 1513 1162 vel
1538 1124 1715 1162 maxime
1736 1122 1932 1162 dilucidos
1950 1128 2088 1174 poetae
2109 1124 2348 1176 abiudiccnt‚

146 1202 192 1238 ut
219 1211 270 1238 ex
297 1199 347 1237 iis
374 1199 538 1250 pictoris
565 1199 701 1237 nescio
729 1198 844 1236 cuius
871 1198 1071 1249 pelluceat
1099 1197 1396 1236 commentum?

331 1270 470 1322 Doleo,
507 1270 616 1321 quod
644 1269 864 1320 Polymetis
892 1270 978 1321 ille,
1012 1271 1082 1320 qui
1109 1270 1211 1310 liber
1238 1272 1471 1319 ceteroquin
1497 1271 1673 1309 maximo
1701 1270 1794 1309 usui
1819 1270 1945 1320 possit
1969 1281 2077 1319 esse,
2112 1271 2246 1321 inepto
2281 1271 2347 1309 iilo

145 1348 368 1382 commento
397 1344 574 1393 antiquis
600 1343 729 1394 poetis
756 1343 956 1394 propriam
982 1345 1160 1381 mentem
1189 1343 1552 1394 cogitationemque
1583 1342 1838 1381 abiudicandi
1865 1352 1997 1392 neque
2023 1341 2238 1392 quidquam
2273 1344 2349 1382 nisi

148 1418 303 1455 alienae
329 1418 599 1466 cognitionem
625 1416 879 1464 relinquendi
910 1419 1068 1454 tantum
1101 1416 1226 1454 taedii
1258 1417 1499 1466 optimisque
1532 1416 1791 1466 scriptoribus
1822 1417 1913 1466 plus
1946 1415 2176 1454 detrimenti
2199 1416 2347 1466 afferat,

143 1503 263 1538 quam
290 1502 341 1528 ne
369 1491 544 1527 maxime
572 1489 735 1537 quidem
757 1489 933 1527 insulsae
953 1490 1303 1539 interpretationes
1328 1470 1664 1537 eorum'unquam
1682 1493 1850 1539 possunt
1870 1488 2025 1536 afferre,
2053 1490 2122 1536 qui
2139 1489 2346 1527 verborum

143 1561 319 1613 pondera
348 1563 435 1599 sine
464 1564 550 1599 arte
577 1562 822 1599 examinant.
876 1560 1017 1610 Neque
1044 1562 1180 1599 minus
1207 1560 1340 1611 doleo,
1368 1561 1474 1610 quod
1502 1561 1672 1613 Spencio
1699 1562 1917 1600 antecessit
1942 1560 2140 1610 Addison,
2168 1562 2236 1611 qui
2263 1561 2346 1599 lau·

142 1635 266 1673 dabili
294 1635 427 1672 studio
454 1634 619 1684 ductus,
658 1635 823 1683 antiqua
851 1634 1020 1673 artificia
1046 1634 1096 1673 ad
1122 1635 1493 1684 interpretationem
1520 1640 1729 1684 poetarum
1756 1634 1992 1683 adhibendi,
2028 1638 2070 1672 et
2096 1635 2180 1683 ipse
2208 1646 2346 1684 parum

140 1705 533 1756 diiudicabat,'quae
560 1706 724 1745 artificis
751 1707 922 1745 imitatio
950 1710 1109 1757 poetam
1136 1706 1294 1756 deceat,
1324 1719 1425 1755 quae
1453 1707 1562 1745 laudi
1589 1708 1677 1745 eius
1704 1707 1910 1745 obtrectet.

1190 2029 1299 2069 Vm.

327 2144 385 2183 De
423 2144 703 2195 similitudine,
750 2156 852 2194 quae
886 2145 1065 2196 fingendi
1105 2146 1182 2184 arti
1217 2150 1278 2185 est
1317 2158 1408 2184 cum
1446 2147 1619 2197 poetica,
1658 2145 1812 2197 Spence
1851 2146 1952 2184 mira
1993 2149 2056 2184 est
2094 2145 2343 2185 allucinatus.

138 2218 254 2257 Hanc
284 2220 392 2257 enim
419 2222 535 2270 putat
560 2222 643 2257 tam
669 2220 892 2270 propinqua
920 2220 1156 2270 cognatione
1184 2232 1276 2258 cum
1302 2220 1372 2259 illa
1399 2219 1503 2271 apud
1531 2224 1689 2259 veteres
1716 2221 1972 2259 coniunctam
1997 2220 2142 2269 fuisse,
2170 2225 2215 2259 ut
2241 2232 2343 2258 sem·

136 2304 207 2342 per
233 2291 339 2329 idem
369 2296 651 2341 sequerentur,
685 2303 816 2341 neque
843 2303 1022 2341 unquam
1049 2295 1119 2330 aut
1146 2296 1263 2343 poeta
1290 2292 1338 2330 ab
1367 2292 1531 2330 artificis
1559 2298 1628 2331 aut
1656 2293 1802 2332 artifex
1830 2305 1853 2332 a
1880 2296 2022 2344 poetae
2050 2292 2227 2331 consiliis
2261 2292 2339 2331 dis-

137 2364 308 2403 cederet.
362 2366 504 2403 Artem
531 2368 667 2403 autem
693 2365 890 2416 poeticam
917 2365 1044 2403 multo
1071 2365 1254 2404 latiorem
1288 2378 1393 2416 esse,
1426 2366 1644 2415 multisque
1678 2366 1880 2405 abundare
1913 2366 2210 2416 venustatibus,
2242 2377 2340 2416 quas

136 2438 283 2477 artifex
309 2450 516 2487 nunquam
538 2433 677 2489 vposset
703 2439 913 2489 attingere,
940 2440 1143 2488 variisque
1172 2439 1221 2477 de
1249 2441 1380 2477 causis
1409 2440 1478 2478 has
1507 2453 1529 2477 a
1556 2444 1674 2490 poeta
1698 2452 1817 2490 saepe
1842 2440 1935 2490 illis,
1963 2451 2063 2489 quas
2082 2439 2228 2478 artifex
2251 2440 2337 2477 imi-

136 2511 214 2549 tari
240 2515 386 2561 posset,
413 2512 623 2562 praeferri,
658 2523 710 2549 ne
733 2512 776 2549 in
803 2515 981 2550 mentem
1008 2513 1120 2551 venit
1146 2513 1310 2561 quidem
1336 2514 1514 2563 Spencio.
1571 2511 1657 2557 Quo
1688 2513 1841 2551 factum
1874 2517 1953 2562 est,
1989 2518 2035 2550 ut
2064 2513 2130 2550 vel
2162 2513 2336 2559 minima,

135 2593 238 2633 quae
267 2582 306 2621 ei
332 2584 515 2634 occurrit,
542 2587 750 2635 poetarum
777 2582 1053 2634 artificumque
1081 2583 1359 2636 discrepantia,
1387 2596 1480 2624 eum
1500 2585 1598 2625 adeo
1621 2584 1882 2637 perturbaret,
1910 2587 1957 2624 ut
1975 2585 2122 2624 mirum
2143 2590 2335 2634 quantum

135 2657 478 2706 tergiversaretur.

322 2726 425 2765 Nam
453 2741 544 2765 cum
571 2734 711 2778 poetae
740 2734 896 2767 veteres
923 2730 1125 2768 Bacchum
1151 2732 1388 2780 plerumque
1416 2732 1603 2769 cornibus
1630 2733 1873 2769 instructum
1906 2732 2078 2780 fingant,
2113 2730 2225 2768 valde
2259 2730 2344 2767 mi·-

133 2812 227 2840 rans
259 2799 433 2851 sponoe,
473 2801 571 2840 haec
614 2813 762 2850 cornua
793 2806 876 2841 tam
918 2815 1006 2842 raro
1035 2805 1211 2855 conspici
1244 2805 1287 2842 in
1320 2806 1464 2843 statuis
1495 2805 1602 2855 eius,
1635 2805 1750 2843 modo
1787 2806 1861 2843 hac
1891 2805 2008 2843 modo
2042 2805 2111 2842 illa
2142 2815 2259 2841 causa
2292 2801 2332 2840 id

132 2873 284 2912 factum
312 2884 400 2912 esse
426 2876 559 2925 putat,
586 2874 699 2914 velut
724 2875 886 2915 inscitia
912 2886 1068 2926 eorum,
1101 2876 1171 2926 qui
1197 2875 1317 2916 rebus
1343 2877 1520 2927 antiquis
1547 2876 1773 2929 studerent,
1806 2877 1872 2918 vel
1901 2889 2092 2917 cornuum
2126 2875 2330 2924 brevitate,

133 2958 236 2996 quae
261 2947 432 2985 fortasse
458 2948 549 2986 uvis
577 2951 618 2986 et
645 2949 809 3000 hedera,
843 2948 990 2998 quibus
1022 2949 1088 2988 dei
1118 2950 1228 2988 illius
1262 2954 1381 3002 caput
1417 2951 1548 2989 ornari
1582 2950 1752 3002 solebat,
1785 2951 1937 2991 fuerint
1973 2955 2089 2990 tecta.
2148 2948 2330 2998 Denique

131 3024 266 3059 versat
291 3033 334 3060 se
368 3024 408 3059 et
441 3023 617 3071 torquet,
652 3034 754 3071 quae
787 3023 840 3060 sit
873 3034 967 3061 vera
1001 3034 1122 3061 causa
1154 3024 1265 3062 nullo
1298 3024 1414 3062 modo
1448 3025 1668 3075 suspicans.
1734 3024 1820 3063 Iam
1852 3036 1947 3062 vero
1980 3028 2149 3071 constat,
2183 3033 2331 3060 cornua

130 3091 286 3132 Baccho
313 3105 394 3132 non
419 3093 656 3134 naturaliter
687 3094 813 3134 fuisse
847 3096 1002 3145 innata,
1037 3095 1174 3144 qualia
1206 3100 1320 3136 crant
1352 3095 1580 3136 Faunorum
1614 3100 1656 3135 01
1690 3096 1939 3147 Satyrorum,
1973 3095 2042 3134 sed
2075 3094 2125 3133 ad
2157 3094 2332 3133 frontem
