2546 3529
1266 253 1313 286 14

1235 401 1350 442 XIII.

362 518 531 558 Homeri
558 517 734 556 carmina
766 516 802 555 si
835 527 996 567 prorsus
1029 519 1168 555 essent
1204 516 1431 567 deperdita,
1466 519 1500 556 si
1526 518 1667 558 Iliadis
1700 523 1742 559 et
1768 519 1972 569 Odysseae
2006 519 2107 557 nihil
2140 523 2247 557 esset
2279 516 2393 555 relic-

169 595 279 643 tum,
306 592 386 631 nisi
412 590 572 641 qualem
599 588 693 628 inde
719 588 935 640 petendam
962 588 1169 639 proposuit
1195 587 1346 639 Caylus
1373 590 1622 641 picturarum
1649 593 1813 643 seriem,
1840 605 1939 632 num
1965 592 2028 632 his
2056 605 2079 631 a
2106 590 2393 644 perfectissimo

172 677 331 716 quoque
358 664 510 703 artifice
535 664 665 712 factis,
692 662 800 701 idem
827 663 1069 700 sentiremus
1097 673 1149 700 ne
1175 662 1308 701 dicam
1336 663 1386 701 de
1413 664 1501 714 ipso
1526 668 1656 714 poeta,
1685 665 1756 704 sed
1783 666 1834 705 de
1857 666 2049 705 facultate
2069 667 2157 705 eius
2179 677 2242 704 res
2263 663 2394 703 verbis

172 738 377 791 pingendi,
404 737 509 786 quod
538 748 645 774 nunc
673 735 921 774 carminibus
948 734 1235 774 exstantibus?

359 811 449 863 Age
476 821 717 860 quaeramus
744 808 794 849 de
820 809 961 861 prima,
989 820 1093 859 quae
1120 809 1305 859 occurrit,
1331 809 1500 860 pictura,
1527 808 1656 848 veluti
1682 810 1949 860 pestilentiae.
2004 811 2110 857 Quid
2136 816 2198 851 est
2226 811 2330 861 quod
2354 811 2397 848 in

171 885 335 924 artificis
368 895 488 935 opere
522 881 843 934 conspiciamus?
886 881 1109 932 Cadavera,
1148 882 1347 920 fumantia
1385 881 1522 931 busta,
1563 882 1781 920 morientes
1821 886 2000 922 mortuos
2036 884 2237 934 foventes,
2278 884 2397 923 deum

171 960 319 996 iratum
346 958 388 993 in
416 956 523 994 nube
552 955 761 994 sedentem
789 955 1042 1004 sagittasque
1069 956 1309 993 mittentem.
1364 953 1476 999 Quae
1504 954 1641 992 omnia
1668 957 1713 991 ut
1740 954 1784 991 in
1811 954 1969 1005 pictura
1997 956 2207 1006 splendida
2234 960 2275 995 et
2304 968 2396 994 con-

172 1032 322 1081 spicua,
351 1032 408 1068 ita
434 1029 540 1080 apud
567 1034 728 1079 poetam
756 1040 887 1078 egena
913 1032 955 1065 et
982 1028 1169 1065 indecora
1196 1031 1301 1065 sunt.
1357 1026 1462 1072 Quid
1490 1028 1599 1065 enim
1621 1028 1655 1065 si
1676 1038 1838 1065 carmen
1860 1027 2114 1078 deperditum
2132 1041 2185 1067 ex
2205 1030 2267 1067 his
2291 1017 2402 1067 esset*

171 1102 481 1152 restituendum,
510 1105 669 1154 poetam
696 1101 923 1140 faceremus
952 1099 1154 1140 dicentem
1180 1100 1259 1138 nisi
1285 1099 1371 1139 fere
1398 1100 1516 1139 haec:
1558 1098 1692 1146 Quum
1719 1099 1864 1151 Apollo
1886 1100 2012 1139 iratus
2030 1101 2199 1151 sagittas
2220 1102 2397 1141 misisset

171 1179 215 1216 in
242 1178 467 1216 exercitum
494 1175 751 1225 Graecorum,
781 1174 998 1213 multorum
1025 1173 1329 1212 interfectorum
1356 1173 1552 1212 cadavera
1571 1176 1665 1212 sunt
1682 1173 1899 1213 combusta.
1955 1173 2041 1213 Iam
2064 1186 2157 1213 vero
2177 1174 2398 1214 Homerum

175 1254 308 1303 ipsum
339 1252 532 1302 legamus,
561 1249 667 1300 apud
696 1260 818 1297 quem
845 1249 943 1286 haec
971 1251 1082 1286 sunt:

749 1324 808 1373 Βη
837 1321 880 1361 δε
907 1314 990 1360 κατ’
1020 1314 1251 1370 ου’λυμποιο
1280 1334 1471 1371 καρηνων
1495 1334 1708 1371 χωομενος
1732 1334 1821 1371 mn),

752 1389 1021 1444 Τοξεᾶμοισιν
1047 1391 1160 1444 ἔχων,
1191 1387 1437 1444 ἀμφηρεφεα
1462 1406 1502 1432 τε
1530 1406 1748 1445 φαρετρην,

749 1463 958 1518 Ἐκλαγξαν
985 1461 1088 1515 δ’ἀρ’
1115 1461 1250 1505 ὀϊστοι
1277 1463 1326 1504 ἐπ
1353 1460 1479 1516 ω’μων
1502 1479 1747 1517 χωομενοιο,

751 1535 893 1579 Λύτου
919 1542 1170 1588 κινηθεντος,
1199 1533 1223 1577 ὁ
1255 1532 1354 1589 δ’ἠϊε
1379 1552 1494 1577 vuum
1520 1538 1675 1585 ἐοικως.

748 1607 964 1660 Ἑζετ’ἒπειτ
991 1606 1199 1650 olzavam
1225 1624 1344 1658 νεων,
1373 1624 1470 1661 μετα
1498 1607 1533 1650 δ’
1535 1612 1602 1651 lov
1628 1609 1727 1662 ἕηκε.

752 1688 876 1733 Δεινη
906 1684 951 1722 δε
977 1685 1125 1733 ulum
1151 1678 1272 1733 yevst’
1300 1679 1530 1733 α’ργυρεοιο
1558 1686 1684 1734 βιοιο.

754 1760 922 1808 Ουρηας
940 1770 1014 1808 μεν
1031 1770 1197 1806 πρωτον
1215 1755 1388 1812 &nmero
1414 1756 1481 1797 καὶ
1512 1771 1640 1805 κυνας
1668 1752 1833 1809 dorem-3.

750 1824 891 1880 Λύταρ
919 1828 1025 1869 ἔπειτ
1050 1824 1225 1869 'adunam
1249 1832 1371 1882 βελος
1398 1828 1604 1882 ἐχεπευκες
1631 1828 1759 1882 ε’φιεις

752 1900 869 1943 Βαλλ’
895 1904 972 1943 αἰει
999 1905 1045 1943 δε
1071 1917 1199 1953 πυραι
1223 1918 1383 1943 νεκυων
1408 1918 1573 1944 καιοντο
1601 1908 1776 1955 θαμειαι.

180 1977 367 2017 Profecto
397 1978 548 2025 quanto
576 1976 757 2026 superior
782 1980 844 2015 est
871 1989 935 2016 res
963 1977 1050 2028 ipsa
1075 1977 1262 2027 picturis,
1295 1980 1409 2016 tanto
1436 1980 1554 2027 poeta
1586 1977 1751 2027 pictore.
1812 1975 1916 2015 Nam
1949 1975 2093 2026 plenus
2128 1974 2278 2013 irarum
2312 1986 2417 2014 cum.

181 2061 278 2089 arcu
305 2053 347 2089 et
374 2049 562 2100 pharetra
587 2048 731 2099 Apollo
757 2048 806 2089 de
833 2049 915 2088 alto
942 2048 1112 2100 Olympo
1139 2049 1358 2089 descendit.
1413 2048 1542 2096 Quem
1569 2049 1882 2090 descendentem
1921 2059 2002 2088 non
2036 2046 2153 2087 modo
2185 2046 2312 2086 oculis
2346 2046 2405 2084 vi-

181 2123 336 2173 demus,
364 2121 437 2162 sed
465 2120 630 2161 auribus
656 2121 852 2161 audimus.
906 2121 1234 2172 Quotiescunque
1262 2123 1373 2162 enim
1400 2123 1543 2173 pedem
1564 2128 1698 2163 movet
1720 2123 1993 2175 progrediens,
2023 2122 2195 2172 sagittae
2213 2124 2401 2159 resonant

183 2199 289 2237 circa
316 2198 506 2235 humeros
532 2196 637 2233 irati.
690 2194 767 2241 Qui
794 2197 903 2234 noeti
936 2197 1079 2235 similis
1113 2196 1282 2246 incedit,
1318 2197 1462 2236 deinde
1497 2200 1635 2235 contra
1669 2209 1793 2236 naves
1826 2196 1977 2236 residet
2009 2199 2051 2234 et
2083 2194 2277 2233 horrendo
2312 2206 2404 2232 cum

182 2281 280 2310 sono
308 2268 493 2321 argentei
521 2278 637 2306 arcus
664 2268 833 2318 primam
867 2269 1057 2320 sagittam
1092 2269 1218 2308 mittit
1251 2269 1294 2308 in
1327 2269 1458 2308 mulos
1491 2281 1709 2320 canesque,
1744 2261 1889 2308 deinde
1922 2268 2104 2307 homines
2136 2268 2243 2317 ipsos
2278 2268 2406 2318 magis

182 2346 383 2384 venenata
410 2341 562 2392 sagitta
589 2341 831 2392 aggreditur,
860 2347 906 2381 ut
932 2342 1112 2391 undique
1141 2355 1187 2381 ac
1214 2346 1409 2393 perpetuo
1437 2342 1556 2382 busta
1582 2343 1755 2394 flagrent
1782 2342 2022 2382 cadaverum
2048 2342 2180 2392 plena.

373 2413 531 2461 Quibus
558 2412 691 2452 verbis
718 2425 821 2463 quae
848 2415 1062 2454 coniuncta
1090 2419 1152 2454 est
1187 2420 1228 2454 et
1264 2414 1481 2455 subaudita
1516 2415 1695 2455 dulcium
1729 2427 1917 2455 sonorum
1952 2415 2130 2455 suavitas
2163 2425 2295 2464 neque
2329 2414 2407 2453 alia

182 2489 324 2539 lingua
352 2488 466 2526 reddi
494 2497 627 2535 neque
655 2498 707 2524 ex
733 2488 896 2536 pictoris
922 2488 1061 2526 tabula
1095 2489 1284 2539 cognosci
1319 2493 1470 2539 potest,
1507 2490 1693 2538 quamvis
1725 2489 1894 2527 minima
1928 2489 1981 2527 sit
2013 2488 2229 2537 virtutum,
2263 2487 2408 2537 quibus

182 2565 361 2613 praestat
387 2562 572 2613 picturae
600 2572 773 2599 carmen.
827 2560 950 2601 Cuius
976 2563 1154 2601 maxima
1181 2563 1310 2601 virtus
1338 2576 1386 2601 ea
1412 2566 1486 2612 est,
1513 2566 1560 2601 ut
1586 2574 1687 2612 quas
1713 2575 1777 2601 res
1804 2575 1855 2601 ex
1886 2574 1933 2601 eo
1955 2563 2118 2601 haustas
2140 2562 2268 2611 pictor
2290 2561 2409 2600 finxit

183 2634 319 2674 finitas
348 2634 635 2683 absolutasque
663 2645 745 2672 una
771 2633 919 2685 tabula,
946 2648 1015 2674 eas
1041 2640 1255 2675 nascentes
1283 2635 1484 2675 describat
1508 2635 1629 2687 longa
1657 2636 1881 2687 imaginum
1909 2636 2024 2675 serie.

374 2709 432 2746 At
459 2708 597 2746 nescio
625 2719 677 2745 an
703 2707 934 2757 pestilentia
960 2709 1104 2759 pictori
1137 2709 1272 2747 minus
1307 2712 1398 2760 apte
1435 2709 1485 2747 ad
1519 2708 1760 2747 imitandum
1794 2709 1847 2747 sit
1877 2709 2088 2760 proposita.
2149 2706 2255 2746 Ecce
2290 2707 2410 2747 aliam

184 2793 287 2829 rem,
322 2781 470 2830 quibus
498 2781 605 2818 oculi
633 2781 764 2830 magis
792 2780 1060 2831 delectantur,
1094 2782 1190 2820 deos
1218 2783 1477 2821 consiliantes
1506 2786 1790 2833 potantesque,
1832 2781 1964 2828 Quid?
2006 2793 2141 2820 nonne
2168 2780 2288 2820 aedes
2316 2792 2410 2820 con-

185 2854 378 2904 spicimus
405 2866 549 2893 aureas
577 2857 775 2904 patentes,
804 2853 1005 2902 quoslibet
1031 2855 1249 2894 formarum
1276 2856 1635 2906 pulcherrimarum
1662 2856 1920 2904 maximeque
1945 2854 2212 2893 verendarum
2237 2855 2409 2892 circulos

184 2926 329 2977 pocula
356 2928 584 2966 tenentium
612 2925 662 2964 ab
693 2925 823 2976 Hebe,
851 2930 1038 2965 aeternae
1064 2927 1299 2968 Juventutis
1327 2928 1438 2978 deae,
1467 2929 1706 2967 ministrata.
1762 2926 1963 2974 Quantam
1992 2931 2317 2967 ornamentorum
2347 2938 2411 2965 co-

185 3001 305 3049 piam,
328 3002 521 3048 quantam
548 3001 651 3038 lucis
678 3003 719 3037 et
745 3000 911 3037 umbrae
939 3000 1174 3049 ubertatem,
1196 3006 1293 3049 quot
1320 3015 1384 3040 res
1405 3003 1636 3051 contrarias,
1664 3006 1856 3050 quantam
1879 3002 2128 3051 argutiarum
2149 3000 2411 3037 varietatem!

187 3070 274 3117 Quo
301 3077 456 3111 vertam
483 3072 703 3112 delectatos
739 3071 876 3110 oculos
910 3073 1099 3123 primum,
1135 3085 1213 3122 quo
1247 3075 1462 3114 ultimum?
1509 3073 1595 3113 Iam
1629 3075 1663 3113 si
1704 3075 1833 3124 pictor
1874 3078 2082 3124 tantopere
2124 3085 2189 3111 mc
2228 3070 2413 3120 delectat,
