2546 3529
1230 255 1251 287 2

134 377 205 413 aut
231 374 310 426 ipsi
335 378 477 425 poetae
504 377 575 413 aut
600 373 775 412 earmina
802 373 888 411 eius
915 371 1156 423 legentibus,
1183 374 1329 423 quibus
1355 376 1725 426 praestantissimus
1745 377 1915 426 quisque
1934 387 2074 414 versus
2090 375 2164 414 hac
2184 374 2349 423 ratione,
2396 406 2398 408 .

135 448 171 487 si
197 447 297 487 deus
323 446 427 486 bene
453 446 586 495 vertit,
612 445 844 496 perspicuus
871 442 1044 494 quidem,
1074 445 1145 484 sed
1170 445 1343 497 frigidus
1370 447 1589 498 apparebit.

324 519 441 556 Hanc-
467 519 573 555 viam
602 515 839 567 ingreditur,
868 516 931 553 vel
959 517 1094 567 potius
1121 518 1163 554 in
1192 501 1304 555 hune
1320 529 1496 557 errorem
1515 519 1658 559 incidit
1678 520 1848 571 scriptor
1866 521 1966 560 clari
1987 519 2197 559 cuiusdam
2213 518 2344 569 operis

133 592 295 642 anglici.
363 590 515 642 Spence
543 590 650 627 enim
678 587 954 637 ,‚Polymetin“
982 600 1100 626 suum
1128 589 1184 627 ita
1212 590 1390 640 scripsit,
1433 595 1479 629 ut
1506 597 1713 643 appareat,
1761 597 1912 642 quanta
1937 594 2061 632 fuerit
2086 593 2350 641 antiquarum

134 664 339 701 literarum
369 662 546 709 seientia,
575 672 693 709 quam
721 661 871 711 optime
900 664 1082 699 versatus
1111 662 1163 699 sit
1192 662 1232 699 in
1262 661 1473 711 artificum,
1501 664 1572 711 qui
1599 663 1649 702 ad
1676 676 1748 702 nos
1775 668 2056 715 pervenerunt,
2085 664 2342 713 antiquorum

134 735 331 787 operibns.
386 733 461 779 Qui
496 744 738 782 quamquam
775 734 879 782 quod
912 733 988 771 sibi
1025 735 1246 786 proposuit,
1290 738 1335 772 ut
1369 734 1431 772 his
1460 734 1731 774 Romanorum
1767 741 1905 787 poetas
1938 737 2173 786 illustraret,
2223 739 2263 775 et
2297 747 2350 774 ex

134 809 262 860 poetis
289 807 414 845 multa
449 807 677 855 exquireret
713 817 817 855 quae
852 807 900 844 ad
937 808 1192 856 antiquorum
1228 806 1397 846 artificia
1430 808 1667 858 explicanda
1701 812 1796 859 apta
1829 813 1984 860 essent,
2021 809 2128 849 haud
2161 820 2248 848 raro
2287 812 2349 847 est

132 885 350 929 assecutus,
378 884 512 917 tamen
540 879 687 917 librum
715 881 876 930 scripsit
903 882 939 918 ei
969 882 1038 929 qni
1066 892 1162 918 sano
1190 882 1318 918 utitur
1344 881 1492 918 iudicio
1520 880 1827 919 intolerabilem.

320 951 468 1003 Negari
496 952 605 991 enim
633 965 730 991 sane
759 954 828 991 vix
857 959 1004 1005 potest,
1054 954 1238 992 Valerius
1265 952 1435 992 Flaccus
1463 954 1615 992 alatum
1647 954 1820 1004 fulmen,
1866 954 1984 1003 quale
2021 958 2107 993 erat
2140 955 2183 992 in
2218 955 2343 993 scutis

130 1027 410 1076 Romanorum,
438 1025 671 1064 describens
699 1027 762 1065 his
791 1027 941 1065 verbis:

754 1098 842 1158 Nec,
866 1100 1017 1150 prImus
1045 1099 1187 1148 radios,
1215 1099 1332 1137 miles
1360 1099 1552 1149 Romane,
1581 1101 1735 1138 corusci

755 1171 952 1210 Fulminis
980 1176 1020 1210 et
1049 1172 1190 1210 rutilas
1217 1173 1342 1211 scutis
1371 1171 1578 1211 diffuderis
1606 1172 1701 1212 alas.

129 1245 223 1294 quid
252 1244 364 1293 velit,
392 1244 539 1281 melius
568 1245 821 1283 intellectum
851 1247 896 1283 iri
925 1258 947 1282 a
976 1245 1099 1294 nobis,
1135 1246 1167 1283 si
1197 1246 1277 1283 talc
1306 1250 1465 1284 scutum
1493 1247 1535 1284 in
1562 1248 1822 1284 monumento
1850 1245 2090 1294 nescioquo
2117 1243 2254 1283 fictum
2284 1247 2342 1284 vi-

127 1318 314 1355 derimus.
370 1318 478 1354 Vero
507 1318 639 1353 simile
668 1330 787 1366 porro
817 1324 887 1366 est,
917 1318 1095 1360 Martem,
1124 1319 1284 1366 qualem
1313 1319 1557 1368 pendentem
1576 1318 1755 1355 Addison
1783 1319 1826 1354 in
1846 1329 2009 1356 nummo
2029 1319 2200 1368 quodam
2220 1331 2340 1371 super

125 1390 279 1429 Rheam
306 1401 471 1428 cernere
500 1402 544 1427 se
571 1389 756 1439 putabat,
798 1404 817 1428 a
861 1391 1063 1429 veteribus
1097 1404 1256 1439 qnoque
1289 1404 1488 1429 armorum
1520 1391 1644 1429 fabris
1677 1393 1720 1428 in
1756 1390 1978 1428 cassidibus
2011 1393 2215 1440 scutisque
2252 1404 2340 1430 esse
2366 1399 2369 1402 ⁴

125 1463 284 1512 fictum,
319 1461 613 1511 Juvenalisquc
644 1463 775 1501 animo
803 1463 923 1502 talem
952 1463 1147 1502 cassidem
1177 1468 1387 1503 scutumve
1414 1464 1495 1503 tale
1530 1463 1784 1502 obversatum
1819 1476 1925 1512 esse,
1964 1476 2056 1502 cum
2088 1464 2207 1503 verbo
2242 1466 2344 1503 hanc

126 1547 210 1573 rem
240 1535 460 1584 attingeret
489 1547 511 1572 a
541 1535 651 1571 nulle
681 1542 773 1573 ante
799 1536 1044 1574 Addisonem
1074 1538 1291 1587 interprete
1319 1536 1578 1588 probabiliter
1605 1536 1815 1586 explicatO.
1871 1533 1976 1580 Quin
2005 1537 2127 1574 etiam
2146 1537 2256 1575 locus
2274 1537 2343 1575 ille
2385 1558 2390 1562 λ

126 1608 360 1656 Ovidianus,
388 1618 468 1656 quo
497 1607 696 1658 Cephalus
724 1608 902 1647 defessus
931 1622 1048 1647 auras
1077 1610 1360 1658 refrigerantes
1389 1610 1575 1660 appellat,
1605 1622 1696 1647 cum
1724 1609 1941 1647 exclamet:

639 1681 745 1718 Aura
774 1705 822 1709 —
852 1705 898 1709 -—
929 1683 1068 1720 venias
1096 1704 1146 1710 —-
1176 1706 1223 1710 —

639 1752 782 1802 Meque
811 1754 934 1804 iuves,
963 1756 1168 1804 intresque
1197 1755 1323 1805 sinus,
1352 1755 1593 1804 gratissima,
1621 1757 1788 1792 nostros.

129 1832 170 1865 et
198 1827 356 1864 Procris
384 1828 487 1864 hanc
515 1827 665 1864 Auram
694 1840 836 1864 nomen
866 1830 1046 1866 aemulae
1074 1842 1162 1866 esse
1189 1833 1327 1879 putat,
1362 1830 1425 1865 hic
1463 1830 1589 1877 locus,
1625 1830 1805 1877 inquam,
1841 1829 2054 1865 dilucidior
2088 1840 2176 1866 esse
2211 1833 2341 1879 potest

128 1900 275 1950 videri,
310 1901 343 1939 si
374 1901 581 1950 cognitum
609 1904 670 1938 est
697 1905 874 1939 veterum
904 1904 1192 1951 monumentis,
1222 1915 1359 1941 revera
1387 1902 1435 1939 ab
1457 1903 1506 1939 iis
1531 1914 1649 1939 auras
1675 1902 1831 1952 tepidas
1858 1903 2034 1940 humana
2060 1902 2220 1939 indutas
2248 1915 2334 1939 esse

129 1974 264 2024 specie
306 1984 515 2023 genusque
548 1972 744 2021 quoddam
776 1972 1049 2024 Nymphai-um
1085 1976 1159 2013 hoc
1194 1976 1354 2013 nomine
1389 1974 1554 2012 cultum.
1614 1973 1795 2013 Concedo
1839 1974 2031 2023 denique,
2072 1976 2107 2013 si
2132 1973 2341 2012 «Iuvenalis

128 2045 372 2085 nebulonem
401 2045 601 2095 quendam
632 2045 803 2085 nobilem
830 2047 1004 2087 Hermae
1033 2051 1246 2099 comparat,
1275 2048 1382 2105 hanc,
1404 2047 1727 2097 similitudinem,
1756 2059 1875 2096 quam
1904 2048 1957 2086 sit
1984 2051 2094 2098 apta,
2127 2047 2199 2085 vix
2226 2058 2340 2097 posse

131 2118 321 2169 intelligi,
349 2119 427 2155 nisi
458 2119 548 2167 quis
577 2118 696 2156 talem
723 2123 896 2158 statuam
925 2120 1082 2171 viderit,
1110 2122 1143 2158 si
1172 2122 1329 2172 ignoret
1357 2120 1479 2158 vilem
1506 2119 1618 2158 illam
1645 2131 1734 2158 esse
1760 2120 1894 2170 pilam,
1922 2124 2042 2170 caput
2069 2119 2198 2158 solum
2226 2122 2338 2157 trun-

129 2202 302 2241 cumque
322 2191 387 2229 dei
407 2194 631 2242 portantem
654 2198 712 2242 et,
733 2194 918 2242 quoniam
938 2194 1122 2233 manibus
1144 2198 1277 2232 careat
1298 2193 1559 2245 pedibusque,
1582 2194 1750 2232 inertiae
1772 2193 2057 2245 cogitationem
2075 2193 2337 2231 excitantem.

126 2287 175 2293 —
204 2264 306 2303 Eius
332 2264 443 2302 modi
476 2266 825 2314 interpretationes
858 2279 936 2304 non
970 2272 1064 2305 sunt
1098 2267 1363 2317 spernendae,
1397 2268 1580 2315 quamvis
1613 2278 1745 2315 neque
1780 2266 1930 2315 ubique
1963 2267 2212 2304 necessariae
2247 2266 2339 2312 sint,

125 2349 259 2387 neque
286 2337 439 2387 ubique
469 2336 682 2376 sufficiant.
737 2338 882 2378 Poetae
909 2341 1016 2378 enim
1045 2341 1179 2378 animo
1208 2339 1422 2378 artificium
1450 2340 1592 2390 ipsum,
1620 2351 1700 2377 non
1728 2340 1899 2377 imitatio
1925 2340 2013 2377 eius
2040 2338 2247 2376 obversata
2267 2343 2339 2386 est,

124 2412 189 2450 vel
217 2417 337 2464 poeta
361 2417 485 2463 atque
512 2412 660 2452 artifex
687 2412 845 2451 easdem
873 2413 1116 2452 adhibebant
1134 2414 1318 2452 notiones
1337 2412 1522 2451 omnibus
1541 2424 1787 2462 communes,
1814 2417 1860 2451 ut
1880 2414 1922 2451 in
1942 2413 1992 2451 iis
2012 2423 2114 2461 quae
2134 2411 2339 2449 finxerunt

124 2497 203 2524 non
230 2492 397 2538 possent
424 2497 505 2525 non
534 2486 771 2536 consentire,
800 2486 905 2526 unde
934 2491 1109 2538 apparet,
1137 2498 1257 2535 quam
1285 2485 1545 2538 pervulgatae
1572 2486 1725 2524 fuerint
1752 2486 1846 2525 illae
1874 2487 2069 2524 notiones.

311 2560 368 2597 At
395 2570 489 2596 cum
517 2558 700 2595 Tibullus
726 2558 953 2609 Apollinem
981 2559 1190 2610 depingat,
1225 2558 1387 2608 qualem
1416 2559 1457 2595 in
1485 2558 1638 2596 somnio
1666 2558 1812 2597 viderit
1838 2580 1889 2586 -
1916 2558 2105 2596 iuvenem
2132 2555 2335 2593 formosis-

123 2632 283 2683 simum,
311 2636 494 2683 tempora
523 2635 634 2669 casta
661 2631 773 2668 lauro
799 2631 1040 2680 redimitum,
1070 2633 1184 2670 cuius
1213 2637 1254 2670 et
1282 2644 1395 2670 coma
1422 2635 1578 2680 myrtea
1604 2631 1720 2680 SyrIO
1749 2631 1926 2681 spirabat
1952 2643 2039 2669 rore
2061 2631 2183 2679 longa
2203 2629 2333 2666 fluens

123 2705 291 2754 cervice,
319 2708 361 2744 et
387 2706 430 2743 in
457 2705 577 2743 niveo
605 2714 768 2754 corpore
796 2705 913 2742 mixti
941 2708 1055 2743 erant
1083 2704 1230 2743 ca'ndor
1258 2708 1298 2742 et
1327 2704 1433 2742 color
1458 2716 1695 2754 purpureus,
1723 2707 1770 2742 ut
1796 2704 1840 2741 in
1866 2706 2005 2742 tenera
2032 2715 2136 2752 gena
2165 2702 2334 2751 virginis

125 2777 265 2816 iuveni
291 2777 437 2817 marito
464 2776 641 2829 primum
668 2774 879 2815 deductae:
907 2797 959 2804 —-
986 2787 1058 2815 cur
1086 2776 1182 2815 haec
1220 2788 1243 2815 a
1263 2776 1468 2816 veteribus
1491 2775 1730 2827 quibusdam
1748 2776 1879 2826 iisque
1899 2774 2170 2815 celeberrimis
2189 2772 2338 2814 tabulis

121 2851 241 2901 pictis
271 2851 457 2897 desumta
483 2849 700 2900 putemus?
726 2847 815 2886 Non
835 2861 937 2899 nego
957 2849 1146 2887 Echionis
1168 2861 1312 2887 novam
1333 2853 1501 2901 nuptam
1522 2849 1764 2888 verecundia
1788 2848 2008 2887 notabilem
2026 2847 2177 2887 Romae
2198 2847 2336 2898 fuisse,

121 2924 296 2963 conc-edo
324 2924 556 2963 sexcenties
582 2923 693 2961 illam
717 2923 942 2961 imitatione
971 2936 1059 2961 esse
1087 2923 1417 2974 multiplicatam,
1460 2935 1557 2961 num
1584 2923 1717 2974 ipsum
1752 2922 1944 2973 pudorem
1976 2922 2216 2973 virginalem
2249 2925 2338 2959 tum

119 2998 311 3049 temporis
336 2998 463 3037 fuisse
491 2996 742 3036 exstinctum
770 2996 917 3046 putas?
955 3008 1069 3045 num,
1096 3000 1309 3048 postquam
1336 3009 1359 3035 a
1385 2997 1538 3048 pictore
1566 3000 1629 3035 est
1656 3000 1906 3047 conspectus,
1935 3008 1959 3034 a
1984 2994 2097 3033 nullo
2123 2997 2243 3045 poeta
2267 3005 2337 3044 po-

120 3073 224 3109 terat
252 3071 431 3122 conspici
457 3070 539 3108 nisi
566 3070 610 3107 in
637 3068 802 3120 pictoris
829 3068 1082 3107 imitatione?
1109 3080 1219 3119 num,
1247 3081 1339 3108 cum
1363 3069 1468 3108 alius
1487 3068 1648 3118 quidam
1668 3072 1788 3120 poeta
1805 3067 2036 3106 Vulcanum
2057 3066 2337 3116 defatigatum,
