2546 3529
1252 230 1275 265 5

163 349 245 388 nisi
277 351 422 389 amoris
453 350 648 399 quaedam
681 351 958 401 conformatio,
995 350 1148 401 fingere
1179 361 1260 388 non
1291 353 1423 400 potest
1454 350 1533 388 nisi
1563 352 1673 387 casta
1704 348 1774 386 illa
1807 346 2115 395 verecundaque
2146 349 2361 385 venustate

164 422 353 471 omnique
378 423 449 461 illa
473 426 653 462 ornatam
678 424 819 474 gratia,
845 435 943 473 qua,
970 434 1062 461 cum
1088 422 1256 461 deliciae
1283 426 1441 460 nostrae
1468 410 1539 459 1103
1566 433 1614 459 ea
1636 420 1855 470 delectent,
1881 420 2027 458 amoris
2057 419 2263 458 notionem
2288 418 2359 458 de-

163 494 336 533 finimus.
389 493 453 533 Ab
480 506 558 544 qua
582 495 709 534 forma
740 499 782 535 et
815 495 948 547 specie
981 495 1016 534 si
1049 494 1258 547 paululum
1286 493 1402 532 modo
1435 493 1654 543 recederet,
1688 493 1906 544 imaginem
1931 491 1982 531 ab
2013 502 2061 531 eo
2094 492 2351 543 propositam,

164 568 295 617 qualis
326 572 449 618 esset,
482 579 561 606 non
594 580 910 620 agnosceremus.
969 566 1201 607 Pulcritudo
1234 568 1342 607 enim
1375 578 1467 604 cum
1499 567 1707 616 majestate
1739 567 1888 617 potius,
1922 576 2041 614 quam
2078 576 2170 624 cum
2203 565 2357 617 pudore

164 642 392 691 coniuncta,
430 652 510 679 non
540 642 707 680 Veneris
738 646 818 691 est,
858 641 929 679 sed
952 641 1135 680 Junonis.
1201 641 1404 679 Venustas
1436 642 1572 677 autem
1604 640 1813 688 imperiosa
1842 650 1967 687 eaque
2000 639 2179 677 mascula
2210 639 2354 688 magis,

162 725 283 763 quam
311 715 444 752 suavis
471 714 557 763 illa,
589 712 793 752 Minervae
821 717 933 764 sunt,
964 724 1044 752 11011
1071 714 1254 752 Veneris.
1308 712 1456 751 Iratam
1482 723 1576 750 vero
1602 711 1799 749 Venerem
1826 711 2045 750 ulciscendi
2071 712 2291 763 cupiditate
2311 716 2355 751 et

160 786 294 825 furore
320 786 542 838 perculsam
567 786 718 836 fingere
750 797 909 836 prorsus
940 797 1021 824 non
1061 790 1373 825 consentaneum
1407 789 1469 823 est
1503 785 1580 823 arti
1612 783 1831 833 sculptoris.
1890 784 2047 823 Amoris
2079 786 2189 823 enim
2224 785 2352 836 ipsius

159 871 242 897 11011
267 863 329 897 031
354 859 472 895 irasci
499 862 568 895 aut
595 869 770 905 unquam
796 858 948 897 ulcisci.
1000 858 1120 907 Apud
1147 862 1304 908 poetam
1330 862 1467 895 contra
1494 857 1633 894 Venus
1659 867 1740 893 non
1772 857 1902 893 minus
1929 858 2088 904 quidem
2115 859 2269 907 species
2308 862 2351 896 et

159 931 287 969 forma
314 931 427 979 quasi
455 930 599 967 amoris
626 932 699 978 est,
725 928 795 967 sed
822 928 961 967 eadem
987 928 1062 967 dea
1088 932 1166 978 est,
1207 940 1309 978 quae
1337 941 1428 967 cum
1454 933 1613 980 praeter
1634 929 1864 966 universam
1888 927 1997 966 illam
2023 933 2205 968 naturam
2233 941 2348 969 suam

93 1008 106 1019 ·
159 1002 304 1040 babeat
329 1002 545 1052 propriam,
580 1012 658 1038 non
686 1001 819 1038 minus
845 1000 926 1038 odii
949 1011 1069 1049 quani
1096 1002 1241 1038 amoris
1267 1002 1419 1051 impetu
1445 1005 1725 1038 commovetur.
1785 998 1889 1044 Quid
1915 1001 2036 1050 igitur
2061 1003 2216 1051 mirum,
2241 1003 2347 1051 quod

159 1073 210 1111 ab
238 1073 306 1110 illo
335 1072 540 1110 iracundia
567 1075 607 1109 et
635 1072 768 1109 furorc
796 1073 960 1110 incensa
977 1071 1226 1122 describitur,
1252 1073 1486 1123 praesertim
1506 1073 1540 1109 si
1567 1076 1726 1122 propter
1743 1071 1939 1109 offensum
1957 1076 2129 1112 amorem
2149 1075 2343 1113 irascitur.

348 1143 597 1195 Quamquam
623 1144 771 1181 artifex
798 1155 954 1195 quoque
981 1145 1024 1181 in
1051 1144 1235 1195 operibus
1267 1126 1395 1195 magis
1428 1144 1672 1195 complicatis
1706 1144 1831 1194 aeque
1865 1155 1910 1181 ac
1943 1148 2054 1195 poeta
2086 1150 2242 1196 praeter
2275 1159 2345 1185 na-

157 1220 289 1255 turam
320 1217 491 1255 Veneris
517 1217 582 1255 vel
609 1218 785 1255 cuiusvis
818 1217 921 1255 alius
954 1218 1148 1266 numinis,
1186 1229 1250 1255 res
1277 1229 1434 1268 quoque
1462 1216 1511 1254 ab
1538 1218 1587 1254 iis
1615 1220 1748 1265 gestas
1775 1216 1926 1267 fingere
1953 1222 2098 1267 potest,
2136 1218 2249 1257 modo
2280 1231 2344 1258 res

156 1289 270 1340 illae,
297 1291 479 1341 quamvis
506 1301 586 1328 11011
615 1302 637 1329 0
659 1293 802 1328 natura
827 1291 1005 1329 numinis
1031 1291 1119 1342 ipsa
1145 1294 1344 1340 emanent,
1371 1302 1422 1328 ne
1449 1290 1487 1329 ei
1513 1291 1594 1329 sint
1620 1294 1901 1341 repugnantes.
1957 1290 2076 1329 Velut
2103 1291 2238 1330 Venus
2264 1291 2346 1331 filio

156 1376 266 1402 arma
292 1364 428 1402 divina
454 1363 615 1402 tradens
643 1367 683 1401 et
710 1363 759 1402 ab
786 1363 937 1403 artifice
964 1367 1005 1403 et
1031 1376 1055 1402 a
1081 1367 1198 1415 poeta
1223 1363 1395 1402 describi
1427 1367 1568 1415 potest.
1622 1363 1733 1402 Nihil
1768 1365 1875 1403 enim
1903 1364 2015 1402 illum
2043 1364 2223 1416 impedit,
2250 1377 2345 1417 quo·

154 1439 288 1475 minus
316 1438 464 1475 Veneri
492 1448 649 1475 omnem
676 1438 847 1487 gratiam
873 1437 1023 1476 tribuat
1048 1441 1398 1488 venustatemque,
1441 1449 1543 1487 quae
1570 1440 1714 1475 amoris
1741 1437 1840 1476 deae
1867 1422 2127 1486 conveniunt,
2162 1440 2345 1488 quoniam

153 1510 235 1548 illis
261 1511 358 1561 ipsis
386 1511 426 1547 in
454 1521 571 1561 opere
599 1521 671 1548 suo
697 1510 857 1549 facilius
889 1511 1027 1561 etiam,
1068 1511 1158 1562 quis
1185 1512 1253 1561 sit,
1296 1512 1558 1561 cognoscitur.
1620 1510 1766 1549 Contra
1793 1510 1932 1549 Venus
1961 1509 2146 1549 Lemnios
2173 1515 2344 1552 contem·

153 1587 261 1621 tores
288 1584 438 1632 ultura,
473 1584 632 1633 ingens,
666 1583 805 1634 effera,
832 1595 957 1634 genas
983 1584 1151 1623 maculis
1178 1584 1363 1634 suffecta,
1395 1596 1497 1635 quae
1525 1586 1634 1622 crine
1661 1584 1806 1622 diffuso
1833 1584 1962 1622 facem
1990 1585 2142 1634 piceam
2170 1586 2343 1636 arripuit,

152 1656 258 1706 palla
282 1657 397 1706 nigra
425 1655 576 1704 induta,
603 1656 709 1694 nube
736 1656 905 1694 obscura
930 1658 1124 1695 invehens
1151 1669 1196 1695 ac
1223 1657 1469 1695 descendens
1488 1662 1534 1695 ut
1550 1669 1631 1695 non
1651 1657 1700 1695 ab
1721 1657 1884 1704 artifice,
1911 1658 1980 1706 qui
1998 1668 2087 1694 eam
2110 1657 2205 1695 haec
2224 1670 2344 1708 agen·

153 1732 234 1766 tem
261 1728 372 1766 nulla
398 1739 440 1765 10
467 1729 524 1765 ita
551 1732 682 1778 potest
707 1729 913 1780 insignire,
940 1733 986 1767 ut
1013 1729 1062 1767 ab
1089 1729 1272 1767 omnibus
1299 1733 1548 1780 agnoscatur,
1576 1731 1633 1768 ita
1661 1742 1684 1768 a
1703 1734 1821 1780 poeta
1841 1733 1972 1780 potest
1991 1728 2172 1776 describi,
2200 1731 2342 1782 quippe

152 1802 221 1852 qui
248 1813 339 1839 cum
366 1802 428 1839 his
455 1801 547 1851 alia,
575 1813 677 1853 quae
705 1802 854 1842 Veneri
881 1804 1026 1841 amoris
1053 1803 1151 1842 deae
1167 1807 1262 1842 sunt
1279 1805 1454 1842 maxime
1471 1805 1640 1855 propria,
1669 1805 1726 1842 ita
1743 1804 1986 1853 coniungere
2014 1804 2149 1854 possit,
2175 1808 2219 1842 ut
2238 1815 2336 1854 eam,

152 1876 334 1925 quamvis
360 1874 505 1913 Furiae
533 1875 704 1913 similem
731 1887 1005 1926 agnoscamus.
1058 1875 1225 1922 Qualem
1252 1876 1435 1915 videmus
1463 1877 1567 1928 apud
1587 1876 1773 1915 Flaccum
1802 1877 1863 1915 his
1890 1876 2072 1915 versibus
2090 1876 2342 1928 descriptam:

656 1971 700 1977 -
732 1970 783 1978 -—
809 1947 949 2001 Neque
976 1950 1086 1989 enim
1105 1950 1210 1989 alma
1235 1950 1363 1989 videri

651 2021 737 2061 Iam
763 2026 911 2072 tumet;
938 2027 1009 2062 aut
1034 2025 1152 2063 tereti
1180 2024 1331 2063 crinem
1357 2024 1607 2063 subnectitur
1633 2036 1741 2074 auro,

653 2096 836 2134 Sidereos
863 2097 1012 2135 diffusa
1038 2099 1160 2135 sinus.
1214 2097 1365 2136 Eadem
1390 2098 1512 2135 effera
1540 2102 1581 2135 et
1607 2099 1750 2148 ingens

652 2168 705 2207 Et
731 2169 901 2208 maculis
928 2169 1098 2209 suffecta
1121 2182 1263 2221 genas,
1289 2172 1508 2222 pinumque
1535 2175 1742 2210 sonantem

650 2241 886 2293 Virginibus
912 2241 1075 2293 Stygiis,
1102 2243 1338 2294 nigramque
1364 2243 1567 2282 simillima
1593 2243 1777 2294 palmam.

334 2313 515 2353 Eandem
542 2315 647 2366 apud
674 2314 846 2354 Statium
872 2315 951 2355 his:

647 2387 723 2427 Illa
749 2387 913 2439 Paphon
937 2382 1115 2428 veterem
1142 2392 1382 2439 centumque
1409 2389 1551 2427 altaria
1577 2389 1774 2440 linquens,

645 2460 731 2500 Nec
757 2461 875 2501 vultu
900 2472 976 2500 nec
1002 2462 1112 2500 crine
1137 2463 1254 2513 prior,
1282 2462 1447 2501 solvisse
1474 2462 1650 2513 iugalem
1869 2481 1883 2505 ς

646 2534 803 2585 Ceston,
830 2539 872 2573 et
896 2534 1043 2574 Idalias
1067 2536 1204 2587 procul
1231 2535 1438 2587 ablegasse
1464 2536 1646 2574 volucres

645 2607 800 2647 Fertur.
852 2607 979 2647 Erant
1004 2612 1124 2659 certe,
1150 2608 1282 2648 media
1308 2609 1377 2660 qui
1403 2609 1532 2647 noctis
1559 2610 1601 2647 in
1629 2608 1769 2647 umbra

642 2680 797 2732 Divam,
825 2681 924 2720 alios
953 2681 1069 2732 ignes
1095 2682 1325 2733 maioraque
1348 2682 1431 2720 tela
1456 2686 1676 2733 gerentem,

642 2753 840 2792 Tartarias
866 2755 973 2793 inter
997 2755 1183 2794 thalamis
1209 2755 1397 2794 volitasse
1424 2767 1578 2794 sorores

644 2827 883 2878 Vulgarent:
910 2830 1037 2879 utque
1063 2828 1270 2880 implicitis
1297 2840 1441 2868 arcana
1467 2829 1674 2868 domorum

641 2899 868 2951 Anguibus,
894 2904 936 2939 et
962 2912 1083 2939 saeva
1106 2901 1319 2940 formidine
1346 2906 1490 2941 cuncta
1516 2903 1686 2953 replevit

638 2971 808 3012 Limina.

135 3043 263 3093 Poe'ta
294 3044 402 3083 solus
434 3044 509 3082 hoc
539 3044 679 3096 habet,
723 3050 768 3084 ut
800 3058 1011 3097 personam
1045 3047 1219 3099 aliquam
1250 3048 1435 3087 omnibus
1473 3050 1524 3087 iis
1561 3052 1780 3098 carentem,
1821 3060 1922 3099 quae
1961 3048 1998 3085 ei
2035 3046 2187 3098 propria
2225 3050 2330 3097 sunt,

1048 3128 1051 3131 .
2224 3119 2262 3149 1·
