2546 3529
1259 231 1282 265 6

172 353 400 405 insignibus
427 353 643 405 describat,
671 360 740 393 aut
765 355 974 405 permixtis
1001 354 1082 403 his,
1116 354 1261 404 quibus
1288 357 1414 403 caret,
1443 366 1535 393 cum
1562 356 1643 395 illis
1670 368 1772 407 quae
1799 356 1929 405 habet,
1957 355 2173 393 contrarias
2192 370 2256 396 res
2275 371 2369 399 con-

172 426 324 477 iungat.
380 426 503 465 Velut
530 426 728 465 Venerem
754 425 942 465 describit
968 436 1047 463 non
1074 425 1219 463 almam
1248 425 1374 474 illam,
1402 426 1553 465 crinem
1581 440 1677 467 auro
1704 429 1822 467 tereti
1850 428 2168 476 subnectentem,
2196 430 2369 473 sidereos

171 499 284 537 sinus
312 498 515 547 diffusam,
548 510 625 536 non
654 501 762 536 cesto
789 501 983 545 ornatam,
1018 497 1088 535 sed
1115 497 1214 535 alios
1245 498 1360 547 ignes
1393 501 1601 548 gerentem
1635 503 1677 538 et
1715 501 1865 538 maiora
1905 501 2002 551 tela,
2040 499 2186 550 Furiis,
2226 504 2369 554 quibus

171 574 259 609 tum
286 572 430 610 similis
457 575 559 620 erat,
594 569 888 609 circumdatam.
941 568 1029 614 Qua
1056 574 1140 608 arte
1166 571 1353 619 quoniam
1381 571 1529 609 artifex
1553 576 1679 620 caret,
1713 584 1811 610 num
1838 575 1900 611 vis
1931 586 1977 611 ea
2010 586 2060 611 ne
2091 576 2249 623 poetam
2281 578 2368 625 qui-

171 642 261 682 dem
289 642 378 682 uti?
425 643 483 682 Sit
511 642 668 692 quidem
695 653 758 680 ars
784 640 962 692 fingendi
989 653 1099 680 soror
1123 642 1303 691 poeticae
1330 642 1444 690 artis,
1476 642 1593 680 medo
1618 654 1669 680 ne
1698 644 1750 682 sit
1777 656 1887 683 soror
1912 646 2123 695 invidiosa,
2157 658 2207 683 ne
2241 647 2369 686 minor

171 719 269 754 natu
296 716 433 753 maiori
462 727 505 753 oa
536 713 710 751 invideat
737 717 981 763 ornamenta,
1009 725 1112 764 quae
1139 715 1267 764 ipsam
1298 725 1378 752 nen
1406 714 1561 753 decent.

1232 1038 1303 1078 IX.

353 1153 395 1192 Si
422 1154 482 1192 vis
510 1153 671 1205 singula
698 1165 818 1204 opera
844 1159 884 1193 et
912 1155 1071 1205 pictoris
1099 1158 1139 1193 et
1167 1157 1306 1205 poetae
1334 1156 1439 1194 inter
1466 1166 1508 1193 se
1537 1167 1775 1204 comparare,
1804 1155 1974 1204 primum
2003 1157 2271 1205 quaerendum
2291 1160 2364 1206 est,

164 1239 260 1265 num
287 1231 456 1278 uterque
485 1227 527 1264 in
555 1226 636 1265 illis
663 1226 915 1278 perficiendis
943 1228 1049 1266 omni
1078 1239 1174 1266 usus
1201 1228 1253 1266 sit
1280 1226 1477 1278 libertate,
1505 1238 1602 1265 num
1629 1226 1741 1265 nulla-
1761 1238 1803 1265 rc
1825 1227 2006 1278 impediti
2029 1240 2239 1280 summum,
2261 1229 2364 1280 quod

164 1313 227 1338 ars
253 1283 402 1348 valeat,
437 1300 597 1338 efficere
624 1302 839 1349 potuerint.
892 1300 1100 1350 Religione
1128 1302 1235 1338 enim
1264 1312 1383 1349 saepe
1411 1304 1566 1337 veteres
1595 1300 1767 1337 artifices
1800 1299 2131 1348 impediebantur.
2191 1300 2363 1345 Quorum

162 1383 281 1423 opera
317 1371 367 1411 ad
394 1373 696 1412 venerationem
731 1376 850 1424 atque
883 1372 1183 1412 admirationem
1211 1373 1317 1412 facta
1343 1385 1423 1412 non
1450 1373 1584 1411 omnia
1610 1376 1693 1411 tam
1717 1372 1894 1422 perfecta
1915 1385 2004 1411 esse
2023 1377 2218 1422 poterant,
2246 1386 2363 1423 quam

162 1446 197 1483 si
223 1445 348 1483 solam
376 1448 646 1495 spectatorum
672 1445 917 1495 voluptatem
946 1447 1141 1496 respicere
1167 1446 1403 1496 potuissent.
1474 1445 1764 1495 Superstitione
1793 1446 1899 1483 enim
1928 1445 2078 1482 factum
2108 1448 2186 1495 est,
2229 1450 2273 1483 ut
2299 1445 2362 1483 dci

161 1519 288 1568 signis
333 1518 659 1566 cumularentur,
714 1529 843 1568 neque
888 1518 1168 1568 pulcerrimum
1209 1530 1408 1569 quemque
1450 1517 1598 1569 ubique
1636 1517 1930 1556 venerabantur
1967 1518 2139 1555 maxima
2182 1522 2362 1556 ornatum

159 1576 441 1640 pulcritudine.

350 1664 473 1702 Velut
501 1663 684 1702 Bacchus
711 1665 752 1702 in
781 1664 927 1713 templo
955 1676 1026 1702 suo
1053 1663 1231 1714 Lemnio,
1259 1664 1365 1703 unde
1393 1665 1459 1715 pia
1485 1663 1711 1714 Hypsipyle
1737 1667 1893 1713 patrem
1922 1664 1984 1701 dei
2019 1662 2146 1701 forma
2179 1663 2363 1701 indutum

161 1738 348 1787 servavit,
376 1736 565 1776 cornibus
593 1739 755 1776 ornatus
781 1736 921 1776 stabat.
976 1735 1115 1788 Neque
1145 1737 1312 1776 dubium
1342 1741 1414 1788 est,
1443 1739 1541 1789 quin
1569 1737 1662 1777 talis
1689 1738 1733 1775 in
1759 1735 1944 1775 omnibus
1963 1741 2170 1787 appareret
2189 1737 2360 1787 templis,

160 1811 351 1861 quoniam
386 1810 573 1848 cornibus
605 1813 748 1849 natura
779 1812 865 1849 eius
896 1811 1029 1861 aliqua
1061 1823 1112 1848 ex
1152 1814 1265 1861 parto
1304 1810 1615 1862 significabatur.
1681 1808 1794 1855 Quod
1833 1811 1992 1860 signum
2034 1810 2148 1848 liberi
2193 1812 2364 1851 artifices

161 1883 417 1932 omittebant,
451 1884 521 1933 qui
547 1882 745 1921 Bacchum
775 1895 850 1921 non
880 1883 929 1921 ad
956 1883 1193 1934 templormn
1222 1895 1339 1922 usum
1368 1883 1577 1935 fingerent.
1632 1882 1716 1921 Iam
1743 1883 1778 1921 si
1805 1883 1912 1921 inter
1938 1894 2016 1931 eaS,
2051 1894 2152 1934 quae
2181 1897 2233 1923 ex
2261 1886 2363 1923 anti-

161 1957 316 2007 quitate
344 1956 508 1994 relictae
536 1961 644 2006 sunt,
677 1961 828 1995 statuas
853 1956 999 1995 Bacchi
1032 1957 1163 1995 nullas
1197 1957 1382 1995 cornibus
1416 1960 1574 1995 ornatas
1601 1957 1846 2005 invenimus,
1878 1968 1949 1994 eae
1977 1968 2054 1993 non
2091 1957 2278 1995 videntur
2312 1971 2364 1996 ex

162 2030 330 2068 sacratis
357 2028 499 2078 fuisse,
533 2041 634 2078 quae
662 2028 925 2066 adorabantur
951 2030 991 2066 in
1021 2029 1198 2079 templis,
1231 2030 1465 2079 praesertim
1500 2041 1589 2066 cum
1623 2029 1694 2067 has
1728 2040 1822 2079 prae
1856 2029 2024 2067 caeteris
2059 2029 2363 2067 christianorum

160 2103 295 2140 furore
332 2102 472 2151 primis
506 2102 675 2139 saeculis
709 2102 859 2139 deletas
894 2114 1000 2149 esse,
1035 2114 1129 2139 vero
1165 2103 1216 2139 sit
1252 2102 1517 2150 simillimum,
1553 2103 1622 2151 qui
1655 2102 1705 2138 iis
1739 2101 1833 2139 solis
1868 2101 2046 2138 artificiis
2078 2113 2364 2151 nonnunquam

161 2173 392 2225 parcebant,
420 2185 522 2224 quae
552 2174 592 2211 in
619 2173 768 2211 nullam
797 2173 1038 2212 adorationis
1065 2175 1330 2225 suspicionem
1363 2178 1476 2213 erant
1504 2176 1656 2212 vocata.

354 2245 439 2284 Iam
469 2257 561 2284 vero
593 2258 684 2283 cum
712 2247 753 2284 in
787 2245 1092 2297 antiquitatibus
1127 2246 1282 2285 effossis
1314 2247 1524 2297 utriusque
1557 2246 1716 2297 generis
1750 2248 1906 2284 statuae
1940 2247 2208 2296 reperiantur,
2244 2246 2365 2284 velim

160 2331 232 2357 eae
260 2319 368 2356 solae
397 2319 654 2355 artificiorum
683 2319 842 2356 nomine
869 2318 1013 2369 dignae
1042 2318 1280 2368 habeantur,
1321 2320 1364 2357 in
1391 2318 1536 2370 quibus
1563 2317 1710 2357 artifex
1745 2320 1829 2356 arte
1864 2329 1935 2356 sua
1970 2316 2094 2356 libere
2128 2329 2224 2357 usus
2261 2317 2362 2356 nihil

158 2391 366 2441 spectabat
392 2392 471 2429 nisi
500 2396 544 2428 ut
578 2392 704 2440 pulcri
737 2392 908 2440 speciem
945 2395 1064 2441 atque
1097 2392 1267 2429 formam
1292 2392 1473 2441 fingeret.
1528 2390 1717 2429 Caeterae
1744 2402 1894 2439 omncs,
1923 2391 1966 2427 in
1994 2391 2138 2441 quibus
2166 2403 2213 2428 ea
2241 2391 2363 2427 nimis

158 2467 364 2515 apparent,
393 2476 496 2515 quae
524 2463 571 2503 ad
602 2464 753 2503 cultum
780 2466 993 2514 pertinent,
1022 2478 1067 2504 eo
1096 2466 1257 2504 nomine
1284 2465 1473 2515 indignae
1502 2469 1612 2514 sunt,
1640 2466 1828 2514 quoniam
1856 2464 2002 2502 artifex
2029 2466 2068 2501 in
2101 2466 2161 2502 his
2189 2477 2268 2502 non
2297 2466 2360 2502 sui

158 2537 256 2576 iuris
283 2540 390 2587 erat,
418 2535 488 2576 sed
517 2535 644 2575 cultui
671 2535 831 2575 deorum
859 2536 1073 2588 serviebat,
1102 2538 1170 2589 qui
1197 2538 1239 2576 in
1267 2537 1334 2588 iis,
1362 2549 1464 2588 quae
1492 2537 1528 2576 ei
1556 2535 1800 2588 preponebat
1816 2536 2025 2588 fingenda,
2054 2537 2102 2575 acl
2124 2537 2362 2588 gravitatem

156 2612 297 2661 magis,
324 2621 446 2662 quam
473 2610 522 2648 ad
550 2610 863 2660 pulcritudinem
890 2610 1106 2661 spectabat,
1133 2622 1373 2663 quamquam
1402 2610 1540 2662 negari
1567 2621 1647 2649 non
1674 2613 1815 2661 potest,
1844 2622 1866 2648 a
1887 2608 2158 2649 sacerdotibus
2183 2610 2247 2650 vol
2273 2622 2362 2661 gra-

154 2685 321 2721 vitatem
351 2685 513 2733 saepius
549 2684 588 2720 in
624 2683 891 2731 pulcritudine
924 2697 1012 2721 esse
1045 2685 1231 2733 positam,
1275 2684 1339 2721 vel
1374 2684 1470 2720 artis
1505 2687 1546 2720 et
1576 2683 1766 2733 exquisiti
1800 2682 1937 2720 iudicii
1971 2682 2101 2719 studio
2130 2687 2285 2720 tantum
2312 2682 2362 2719 ab

157 2755 225 2794 illa
252 2768 342 2795 esse
370 2757 597 2805 remissum,
625 2759 670 2793 ut
696 2755 794 2793 haec
822 2756 903 2793 sola
933 2756 1135 2794 videretur
1160 2768 1339 2806 regnare.

344 2827 456 2875 Quae
484 2828 564 2867 nisi
591 2830 777 2867 accurate
805 2826 1121 2879 distinguuntur,
1155 2828 1452 2868 existimatores
1486 2828 1582 2866 artis
1616 2831 1656 2866 et
1690 2839 1820 2865 rerum
1854 2827 2107 2877 antiquarum
2142 2827 2361 2877 investiga-

153 2905 260 2940 tores
288 2914 446 2952 semper
472 2903 579 2939 inter
606 2913 649 2939 se
677 2900 969 2950 discrepabunt,
998 2902 1090 2950 quia
1116 2901 1217 2939 alter
1244 2901 1414 2939 alterum
1442 2911 1521 2938 non
1548 2899 1761 2949 intelliget.
1815 2897 1917 2937 Nam
1946 2899 1980 2937 si
2001 2899 2081 2948 ille,
2104 2911 2181 2949 qua
2211 2902 2271 2937 est
2299 2911 2360 2936 ar-

153 2974 206 3011 tis
233 2975 396 3024 peritia,
433 2974 661 3026 negaverit,
703 2973 801 3011 haec
829 2972 947 3011 illave
976 2973 1024 3011 ab
1051 2973 1216 3024 antiquo
1244 2972 1413 3023 artifice,
1453 2973 1522 3024 qui
1550 2971 1711 3024 quidem
1736 2983 1854 3010 verus
1882 2972 2027 3010 artifex
2057 2971 2179 3010 fuerit
2214 2976 2254 3010 et
2288 2982 2360 3009 sua

153 3051 238 3087 arte
265 3048 389 3087 libere
419 3060 515 3086 usus
543 3049 612 3098 sit,
648 3058 823 3098 unquam
850 3058 937 3084 esso
964 3046 1054 3085 ficta
1083 3047 1147 3085 hic
1176 3046 1216 3085 id
1243 3047 1299 3085 ita
1328 3045 1674 3097 interpretabitur,
1707 3046 1822 3096 quasi
1849 3045 1917 3084 ille
1946 3048 2149 3095 negasset,
2184 3046 2281 3083 hacc
2309 3042 2360 3081 ab
