2546 3529
1236 255 1286 291 10

344 377 450 424 Quid
483 379 589 429 quod
621 379 708 418 fieri
739 382 885 431 potest,
928 381 973 416 ut
1006 377 1149 416 artifici
1182 378 1324 424 maiori
1358 378 1554 418 ducamus
1586 381 1745 433 honori,
1786 382 1893 433 quod
1925 384 1968 422 in
2000 382 2193 423 imitanda
2224 382 2366 420 natura

150 455 312 502 poetam
339 456 503 490 secutus
529 454 584 491 sit
611 454 889 503 interpretem,
917 463 1037 499 quam
1067 451 1102 489 si
1129 439 1223 489 eum
1249 463 1330 488 non
1356 452 1410 489 sit
1437 455 1613 491 secutus.
1667 453 1804 494 Pictor
1830 457 1993 506 quidem
2020 457 2077 494 im
2102 456 2242 508 pulcra
2269 465 2365 504 qua-

151 525 246 563 dam
271 526 437 576 regione
462 525 663 576 pingenda
689 523 921 563 Thomsonis
949 523 1259 574 descriptionem
1292 527 1474 570 secutus,
1512 526 1664 564 maiore
1697 527 1817 566 laude
1849 529 1999 579 dignus
2031 532 2114 580 est,
2147 540 2267 579 quam
2298 527 2366 576 qui

151 602 338 637 naturam
365 599 493 650 ipsam
520 597 699 636 imitatus
726 597 790 636 sit.
843 596 923 635 Hic
958 597 1068 636 enim
1101 600 1269 636 naturae
1307 597 1434 649 ipsius
1467 596 1699 649 exemplum
1732 599 1851 650 vidit,
1891 601 1962 641 1110
1996 602 2081 641 sola
2114 601 2367 653 cogitationis

152 672 304 709 virtute
332 683 379 710 eo
406 671 603 722 pervenit,
638 673 683 707 ut
710 670 784 707 hoc
812 669 890 708 sibi
917 669 1099 721 fingeret.
1154 670 1235 709 Hic
1264 682 1315 709 ex
1343 670 1405 721 iis,
1434 681 1537 720 quae
1564 669 1751 709 sensibus
1778 671 1885 710 clare
1911 675 2102 725 percepit,
2130 674 2199 714 ille
2227 686 2279 714 ex
2305 674 2367 712 in-

153 744 275 782 certis
303 743 548 792 infirmisque
575 743 783 793 signorum
809 742 860 781 ad
886 742 1096 781 arbitrium
1122 743 1307 781 fictorum
1334 742 1564 782 notionibus
1592 744 1768 794 speciem
1794 743 1915 794 petiit
1940 745 2235 795 pulcritudinis.

344 815 398 854 Ut
424 827 517 853 vero
545 814 689 853 artifici
716 815 964 854 inventionis
990 816 1151 854 laudem
1178 816 1296 854 facile
1325 815 1614 867 condonamus,
1649 816 1707 855 ita
1733 816 1837 854 hanc
1865 815 1914 855 ab
1942 828 1990 855 eo
2019 829 2101 856 non
2128 819 2186 857 ita
2212 819 2369 858 ardenti

154 890 286 928 studio
312 889 397 939 peti
424 900 504 926 non
531 888 778 926 mirabimur.
832 888 937 926 Nam
965 901 1057 926 cum
1085 890 1351 940 intellegeret,
1379 902 1422 927 se
1451 901 1658 937 nunquam
1675 890 1921 927 inventionis
1939 889 2058 926 laude
2078 902 2195 940 posse
2216 893 2370 941 florere,

153 974 265 1001 suam
292 962 453 1000 laudem
480 962 524 999 in
551 961 721 1012 perfecti
748 962 881 1013 operis
906 962 1178 1013 pulcritudine
1212 974 1300 1001 0330
1327 963 1519 1013 positum,
1560 962 1661 1000 nihil
1695 961 1877 1013 curabat,
1919 974 2035 1000 resne
2070 965 2164 1001 ante
2198 963 2366 1014 longum

152 1036 233 1074 iam
260 1038 431 1087 tempus,
460 1047 513 1073 an
540 1046 670 1087 nuper
695 1039 803 1075 esset
830 1036 1006 1086 inventa,
1035 1036 1159 1075 semel
1188 1048 1238 1075 an
1267 1036 1495 1075 sexcenties
1523 1039 1726 1088 usurpata,
1756 1047 1829 1075 suo
1858 1047 1909 1074 an
1936 1035 2039 1075 alius
2065 1036 2230 1087 ingenio
2250 1049 2370 1077 exco-

151 1110 289 1161 gitata.
344 1108 585 1148 Continebat
612 1110 740 1161 igitur
765 1120 809 1149 se
836 1110 878 1148 in
907 1111 1088 1161 angustis
1115 1109 1263 1149 finibus
1290 1121 1424 1148 rerum
1451 1113 1492 1149 et
1520 1109 1597 1148 sibi
1632 1112 1673 1148 et
1707 1108 1892 1148 omnibus
1924 1112 2130 1160 notarum,
2164 1111 2371 1159 totamque

149 1183 370 1221 sollertiam
399 1195 513 1221 suam
539 1183 590 1221 ad
619 1195 679 1233 ea,
708 1195 811 1232 quae
839 1186 933 1221 nota
961 1188 1086 1233 erant,
1116 1187 1156 1222 et
1184 1183 1377 1222 varianda
1404 1187 1445 1222 et
1465 1183 1596 1222 denuo
1617 1182 1892 1234 componenda
1910 1182 2133 1222 revocabat.
2188 1182 2371 1232 Eamque

151 1257 276 1296 solam
311 1258 379 1306 qui
412 1256 533 1295 huius
569 1258 668 1295 artis
702 1257 1022 1307 conscripserunt
1056 1261 1270 1308 praccepta
1301 1257 1537 1308 intelligunt
1570 1257 1856 1295 inventionem.
1920 1256 2043 1295 Cuius
2076 1257 2258 1306 quamvis
2291 1256 2372 1294 duo

152 1329 327 1367 habeant
354 1340 516 1379 genera,
544 1340 716 1378 quorum
744 1328 915 1367 alterum
942 1330 1071 1380 magis
1097 1330 1300 1380 pertineat
1318 1329 1368 1367 ad
1388 1330 1593 1380 pictorem,
1622 1329 1794 1367 alterum
1813 1328 1863 1367 ad
1883 1332 2043 1380 poetam
2065 1330 2206 1379 magis,
2233 1332 2371 1367 tamen

151 1414 203 1440 ne
231 1403 304 1440 hoc
333 1401 497 1450 quidem
523 1403 584 1440 rei
612 1402 690 1453 ipsi
744 1401 1045 1453 excogitandae,
1074 1402 1144 1440 sed
1169 1402 1274 1440 bono
1303 1401 1441 1441 ordine
1470 1407 1511 1441 et
1538 1413 1630 1440 cum
1659 1406 1744 1440 arte
1772 1401 2068 1453 componendae
2097 1401 2242 1440 studet.
2296 1400 2371 1439 Est

151 1488 248 1514 sane
275 1476 374 1513 haec
402 1485 563 1523 quoque
591 1475 789 1524 quaedam
815 1476 1016 1525 inventio,
1060 1479 1104 1513 ut
1140 1487 1219 1513 non
1253 1475 1377 1513 totius
1411 1476 1488 1525 rci,
1532 1475 1602 1514 scd
1637 1475 1888 1525 singularum
1920 1476 2113 1526 partium,
2154 1486 2371 1524 earumque

155 1548 467 1599 compositionis.
521 1546 597 1586 Est
623 1547 819 1597 quaedam
846 1549 1038 1598 inventio,
1067 1548 1136 1586 sed
1166 1548 1367 1586 inferioris
1394 1548 1544 1586 ordinis
1591 1548 1753 1597 qualem
1779 1547 1973 1587 Horatius
1999 1551 2141 1599 poetae
2169 1546 2373 1585 mandavit

153 1624 308 1672 tragico
336 1635 430 1661 cum
459 1622 630 1661 diceret:

1575 1694 1713 1744 Tuque

1170 1769 1319 1807 rectius
1347 1768 1517 1807 Iliacum
1545 1780 1704 1807 carmen
1733 1768 1898 1808 deducis
1926 1769 1968 1806 in
1996 1772 2122 1818 actus,

1170 1840 1300 1887 Quam
1329 1842 1365 1880 si
1393 1842 1591 1893 proferres
1618 1842 1757 1893 ignota
1783 1841 2015 1891 indictaque
2041 1842 2207 1892 primus.

154 1915 377 1966 mandavit,
405 1916 587 1965 inquam,
614 1926 695 1953 non
720 1914 941 1966 imperavit.
995 1913 1202 1953 Mandavit
1228 1919 1364 1955 autem
1391 1927 1480 1953 eam
1508 1918 1552 1953 ut
1577 1914 1823 1962 faciliorem,
1851 1913 2162 1966 expeditiorem,
2190 1917 2378 1966 opportu-

155 1990 323 2038 niorem,
349 2000 431 2026 non
458 1989 673 2040 imperavit
701 2000 799 2039 eam,
827 1988 942 2038 quasi
969 2000 1041 2040 per
1067 2000 1110 2026 30
1139 1992 1246 2026 essct
1273 1991 1314 2027 et
1341 1988 1483 2026 melior
1509 1991 1551 2027 et
1575 1988 1851 2040 praestantior.

349 2062 411 2099 Ac
438 2062 617 2112 profecto
646 2065 773 2112 poeta,
801 2062 871 2110 qui
897 2064 1013 2099 notas
1042 2073 1106 2099 res
1133 2066 1329 2111 notosque
1355 2062 1506 2112 profert
1532 2073 1723 2113 personas
1751 2061 1871 2100 habet
1898 2061 2149 2110 aliquantum
2169 2061 2377 2099 commodi.

158 2135 348 2186 Magnam
377 2135 486 2173 enim
513 2147 713 2185 nugarum
740 2135 906 2185 copiam,
933 2135 1079 2184 quibus
1107 2135 1157 2173 ad
1183 2148 1268 2173 rem
1297 2147 1442 2173 novam
1469 2135 1645 2184 aliquam
1672 2135 1951 2173 illustrandam
1974 2146 2055 2173 non
2073 2138 2209 2185 posset
2228 2147 2376 2184 carere,

156 2209 343 2247 omittere
370 2210 516 2259 potest.
575 2205 661 2253 Quo
689 2211 823 2246 autem
849 2207 1019 2246 celerius
1046 2211 1306 2258 spectatores,
1335 2207 1433 2256 quid
1460 2208 1604 2254 velint,
1633 2212 1893 2258 cognoscent,
1931 2219 1978 2246 eo
2005 2207 2176 2246 celerius
2204 2219 2377 2246 commo-

160 2280 367 2320 vebuntur
393 2291 533 2319 eorum
560 2280 695 2318 animi.
748 2279 900 2319 Eodem
927 2280 1132 2319 commodo
1158 2280 1288 2331 pictor
1316 2281 1444 2319 utitur
1471 2281 1505 2319 si
1532 2292 1608 2331 res,
1636 2292 1756 2330 quam
1783 2280 2027 2332 pingendam
2057 2279 2133 2319 sibi
2160 2281 2377 2331 proposuit,

155 2354 272 2392 nobis
300 2365 381 2391 non
408 2356 472 2392 est
497 2354 653 2402 ignota,
689 2354 723 2391 si
749 2354 876 2403 primo
904 2353 1048 2390 obtutu
1076 2353 1173 2401 quid
1198 2354 1389 2403 voluerit,
1422 2355 1718 2404 cognoscimus,
1752 2355 1786 2392 si
1813 2365 1893 2391 non
1921 2354 2051 2392 solum
2077 2352 2259 2390 videmus
2287 2364 2377 2403 per-

158 2438 290 2476 sonas,
318 2437 420 2474 quas
448 2425 596 2477 pinxit,
627 2425 847 2475 loquentes,
883 2425 954 2464 sed
980 2437 1062 2463 una
1090 2425 1186 2475 quid
1214 2426 1433 2475 loquantur
1459 2425 1655 2464 audimus.
1719 2425 1852 2464 Primo
1879 2426 1989 2464 enim
2016 2435 2174 2474 quoque
2201 2426 2377 2464 maxime

157 2499 333 2539 solemus
361 2498 470 2537 affici
498 2498 661 2548 obtutu,
696 2510 774 2547 quo
802 2499 837 2537 si
862 2511 942 2537 non
978 2499 1108 2538 edocti
1142 2499 1192 2537 ad
1226 2499 1502 2538 meditandum
1536 2503 1578 2538 et
1610 2499 1887 2549 divinandum,
1929 2498 2026 2548 quid
2059 2509 2123 2536 res
2155 2497 2232 2535 sibi
2265 2499 2376 2548 velit,

158 2574 362 2624 cogimur,
396 2572 515 2611 ardor
541 2571 821 2622 refrigeratur,
855 2583 986 2621 neque
1014 2573 1186 2623 amplius
1214 2572 1319 2610 affici
1348 2573 1550 2623 cupimus,
1586 2573 1746 2621 iamque
1773 2574 1833 2611 101
1859 2572 2144 2610 obscuritatem
2171 2583 2290 2621 aegre
2316 2572 2376 2610 fe-

158 2650 318 2698 rentes,
345 2645 448 2685 nihil
476 2656 665 2685 curamus
693 2643 862 2684 affectus
888 2646 1036 2697 optime
1064 2658 1292 2698 expressos,
1321 2649 1362 2685 et
1388 2657 1462 2685 vae
1488 2646 1652 2697 misero,
1681 2646 1716 2684 si
1742 2644 2055 2698 pulcritudinem
2081 2656 2175 2696 prae
2207 2644 2378 2684 affectus

157 2721 413 2759 vehementia
441 2719 637 2771 neglexit.
693 2717 808 2764 Quod
835 2720 870 2757 si
897 2720 936 2758 ei
962 2720 1123 2770 accidit,
1160 2720 1262 2757 nihil
1288 2720 1536 2770 invenimus,
1571 2730 1649 2769 quo
1677 2730 1999 2758 commoveamur
2026 2718 2075 2757 ad
2104 2718 2378 2769 contemplan-

159 2793 252 2831 dam
281 2793 491 2844 picturam.
546 2791 651 2830 Nam
679 2790 787 2841 quod
811 2791 994 2830 videmus
1021 2792 1218 2844 displicet,
1246 2792 1442 2842 quomodo
1468 2804 1553 2830 rem
1580 2792 1901 2843 interpretemur,
1928 2792 2170 2843 ignoramus.

349 2865 578 2914 Utrumque
611 2866 693 2903 iam
726 2865 762 2903 si
796 2866 1184 2915 comprehendimus,
1228 2866 1404 2916 primum
1438 2865 1543 2914 quod
1586 2877 1780 2903 novarum
1822 2877 1956 2904 rerum
1995 2865 2175 2902 inventio
2217 2877 2298 2902 11011
2333 2865 2377 2902 111

160 2939 350 2977 maximis
389 2938 574 2990 ponenda
600 2940 663 2977 est
689 2937 855 2989 pictoris
881 2937 1110 2989 virtutibus,
1136 2938 1282 2977 deinde
1310 2937 1415 2987 quod
1442 2938 1508 2977 hic
1535 2949 1620 2977 rem
1647 2940 1784 2976 notam
1810 2948 2034 2989 proponens
2062 2937 2159 2976 artis
2187 2936 2377 2975 effectum

160 3013 202 3049 et
230 3013 352 3063 auget
379 3014 421 3049 ot
444 3009 680 3063 amplificat,
724 3021 846 3049 causa
878 3014 1059 3061 apparet,
1102 3022 1180 3061 qua
1211 3010 1257 3049 fit
1291 3014 1337 3049 ut
1372 3009 1519 3049 artifex
1553 3013 1635 3049 tam
1668 3021 1757 3049 raro
1789 3021 1854 3049 res
1893 3013 2087 3062 proponat
2125 3020 2260 3047 novas.
2317 3006 2377 3045 Ea

160 3096 258 3122 sane
285 3096 382 3131 non,
411 3085 517 3134 quod
544 3084 692 3134 Caylus
719 3087 854 3136 putat,
885 3085 938 3132 ,111
964 3084 1117 3124 desidia
1140 3089 1210 3123 aut
1237 3086 1279 3123 in
1308 3085 1534 3136 ignorantia
1562 3083 1726 3123 artificis
1753 3087 1823 3122 aut
1850 3068 1892 3121 in
1919 3083 2157 3121 difficultate
2183 3081 2378 3119 materiae
