2546 3529
1251 271 1326 312 22'

155 396 213 436 At
239 396 313 436 hoc
341 396 393 436 ad
420 398 644 438 orationem
671 398 800 449 ipsam
827 399 995 448 eiusque
1022 402 1156 450 partes
1184 400 1377 451 pertinet,
1412 411 1491 439 non
1519 398 1569 437 ad
1595 402 1754 450 poetae,
1789 398 1859 447 qui
1886 398 1935 436 iis
1970 396 2113 444 utitur,
2147 395 2372 433 consilium.

156 470 198 509 Is
225 472 336 509 enim
363 483 444 510 non
472 472 603 510 solum
631 472 671 510 id
698 474 864 521 spectat,
893 476 937 509 ut
964 473 1228 524 intelligatur,
1259 477 1304 512 ut
1331 475 1528 524 imagines
1555 473 1605 511 ab
1632 484 1678 511 eo
1706 466 1929 522 propositae
1957 471 2085 508 clarae
2112 470 2194 508 sint
2221 471 2262 507 et
2283 479 2373 518 per-

158 544 324 595 spicuae
345 543 401 592 (id
426 544 535 583 enim
556 544 760 594 scriptoris
781 546 854 594 est,
882 544 951 593 qui
973 544 1104 584 soluto
1126 546 1257 585 utitur
1276 547 1484 597 sermone),
1513 545 1583 585 sed
1605 556 1705 596 quas
1726 546 1768 584 in
1788 545 1904 584 nobis
1926 545 2076 584 excitet
2098 542 2372 594 cogitationes,

160 631 230 657 eas
256 621 341 656 tam
372 618 498 655 claras
525 629 614 655 esse
641 616 738 665 vult,
767 620 813 654 ut
839 621 1006 666 repente
1034 630 1097 656 res
1128 620 1237 668 ipsae
1264 619 1392 658 oculis
1419 620 1534 670 quasi
1563 619 1776 658 videantur
1795 618 2008 668 obversari,
2036 629 2161 668 eoque
2183 616 2372 666 temporis

160 695 364 731 momento
392 701 463 728 nos
490 689 566 740 ipsi
593 689 648 727 ita
675 688 933 740 decipiamur,
962 694 1006 729 ut
1035 692 1104 730 vix
1133 692 1371 741 divinamus,
1401 703 1480 742 qua
1508 692 1548 730 id
1574 692 1645 731 fiat
1670 692 1824 730 ratione
1846 693 1872 729 i.
1894 705 1928 731 e.
1950 691 2089 731 verbis.
2144 689 2235 728 Huc.
2259 700 2372 739 spec-

161 764 291 812 tabat,
324 773 443 813 quam
472 772 591 811 supra
618 762 913 811 proposuimuS,
948 763 1127 813 poeticae
1155 764 1337 814 picturae
1365 763 1557 803 definitio.
1611 764 1668 803 At
1694 767 1853 815 poetam
1879 764 2019 803 volunt
2047 763 2145 803 nihil
2173 762 2256 802 fere
2283 772 2373 813 pro-

162 849 309 888 ponere
340 836 419 874 nisi
452 836 639 885 picturas
708 833 840 880 Quare
874 837 954 873 iam
988 836 1215 883 videamus,
1249 840 1448 885 quatenus
1482 836 1570 874 fieri
1604 839 1748 886 possit,
1783 842 1828 875 ut
1864 850 2071 888 corporum
2104 840 2236 887 partes
2269 836 2372 873 aliae

162 910 314 960 positae
342 909 456 946 iuxta
484 906 583 946 alias
611 906 660 945 ab
688 920 735 946 eo
763 907 1041 958 depingantur.

350 989 426 1036 Qui
460 990 523 1040 fit,
565 994 611 1028 ut
646 1002 731 1028 rem
759 989 935 1042 aliquam
963 994 1172 1030 externam
1199 991 1409 1041 perspicue
1438 991 1571 1029 animo
1599 991 1825 1043 fingamus?
1866 990 2047 1031 Primum
2075 992 2373 1030 consideramus

165 1067 298 1115 partes
328 1064 428 1112 eius,
456 1063 594 1112 quales
622 1064 703 1100 sint
732 1063 928 1114 singulae,
956 1064 1100 1102 deinde
1128 1063 1324 1114 quomodo
1352 1064 1458 1102 inter
1483 1076 1527 1102 se-
1550 1063 1802 1113 cohaereant,
1829 1062 2002 1114 denique
2023 1066 2151 1102 totum
2172 1063 2290 1116 quale
2310 1063 2373 1102 sit.

161 1136 272 1182 Quae
299 1137 431 1174 omnia
458 1135 644 1174 sensibus
671 1137 817 1174 nostris
844 1140 956 1174 tanta
983 1137 1214 1174 efficiuntur
1241 1137 1464 1185 celeritate,
1504 1140 1549 1173 ut
1575 1137 1617 1174 in
1651 1147 1777 1173 unum
1811 1139 1971 1183 coeant3
2006 1147 2133 1185 eaque
2168 1136 2374 1175 celeritate

163 1222 263 1260 opus
290 1212 371 1257 est,
406 1212 452 1246 ut
480 1208 627 1247 claram
658 1209 717 1247 rei
744 1210 868 1247 totius
897 1211 1113 1259 imaginem
1142 1210 1419 1258 percipiamus,
1447 1221 1549 1258 quae
1578 1210 1657 1246 nisi
1684 1206 1935 1257 singularum
1963 1209 2135 1257 partium
2163 1213 2204 1245 ct
2231 1212 2375 1246 natura

162 1285 203 1322 et
231 1281 512 1321 coniunctione
540 1281 762 1332 perspectis
788 1292 867 1320 non
898 1281 1082 1321 efficitur.
1141 1280 1220 1320 Fae
1253 1282 1378 1333 igitur
1408 1286 1568 1332 poetam
1602 1294 1674 1320 nos
1707 1282 1856 1331 optimo
1893 1281 2031 1319 ordine
2066 1280 2115 1319 ab
2150 1281 2228 1319 alia
2262 1285 2374 1330 parte

162 1355 212 1393 ad
240 1355 359 1393 aliam
380 1353 603 1403 traducere,
629 1353 693 1392 fac
714 1353 1013 1393 evidentissime
1035 1354 1148 1393 nobis
1169 1366 1273 1405 eum,
1301 1353 1499 1406 quomodo
1523 1354 1596 1394 hae
1619 1354 1725 1394 inter
1744 1366 1787 1394 se
1811 1352 2060 1404 cohaereant,
2089 1352 2375 1404 demonstrare,

161 1432 357 1480 quantum
385 1428 435 1465 ad
462 1428 561 1465 haec
589 1428 627 1465 ei
655 1439 754 1477 opus
773 1428 849 1466 erit
867 1429 1082 1479 temporis?
1110 1427 1221 1474 Quae
1238 1428 1378 1466 oculus
1398 1439 1478 1466 uno
1501 1427 1799 1480 comprehendit
1819 1427 1973 1478 obtutu,
2002 1440 2048 1466 ea
2068 1426 2176 1466 aliud
2198 1426 2265 1466 ille
2285 1430 2375 1478 post

164 1503 273 1542 aliud
301 1503 410 1541 lente
439 1505 660 1550 enumerat,
689 1505 734 1540 ut
762 1502 811 1540 ad
838 1503 1024 1540 ultimum
1053 1503 1264 1552 progressi,
1291 1503 1408 1552 quale
1437 1503 1610 1552 primum
1637 1502 1772 1552 fuerit,
1799 1503 1880 1539 iam
1907 1503 2032 1539 simus
2059 1501 2184 1538 obliti.
2238 1500 2374 1538 Nihilo

164 1579 298 1615 tamen
328 1575 460 1614 secius
488 1587 539 1613 ex
568 1575 630 1614 his
664 1574 848 1613 omnibus
883 1578 1011 1613 totum
1045 1578 1106 1614 est
1141 1574 1414 1626 effingendum
1448 1577 1592 1615 animo.
1654 1574 1741 1620 Qua
1775 1576 1819 1612 in
1853 1587 1894 1612 re
1930 1574 2044 1611 oculo
2079 1574 2240 1624 quidem
2275 1586 2375 1623 quas

164 1649 371 1700 perspexit
404 1650 540 1698 partes
574 1658 731 1697 semper
757 1646 1034 1699 obversantur,
1069 1651 1189 1697 atque
1217 1648 1365 1687 iterum
1392 1649 1618 1699 iterumque
1644 1651 1811 1698 possunt
1838 1648 2034 1699 percurri,
2063 1647 2133 1686 sed
2160 1647 2247 1686 auri
2274 1658 2374 1696 quas

163 1722 343 1772 perc-epit
369 1724 504 1771 partes
532 1724 795 1770 evanescunt,
830 1722 906 1760 nisi
933 1722 1123 1760 memoria
1153 1722 1389 1760 retinentur.
1443 1720 1613 1760 Etiamsi
1647 1732 1742 1759 vero
1775 1733 1821 1760 ea
1859 1721 2125 1770 retineantur,
2164 1731 2242 1770 quo
2276 1731 2375 1769 opus

164 1798 227 1833 est
254 1793 402 1842 labore,
430 1804 510 1844 qua
536 1794 803 1843 contentione,
830 1794 875 1843 si,
902 1794 1096 1844 quomodo
1116 1795 1210 1833 illae
1233 1807 1349 1833 aures
1372 1794 1597 1845 pepulerint
1616 1797 1657 1833 et
1684 1804 1763 1844 quo
1790 1793 1940 1842 ordine,
1968 1793 2074 1832 clare
2092 1792 2166 1831 tibi
2187 1803 2373 1831 revocare

164 1866 401 1917 modicaque
423 1865 630 1904 celeritate
651 1877 729 1904 una
753 1867 1084 1917 comprehendere
1100 1867 1207 1915 velis·
1221 1871 1264 1906 ut
1289 1868 1464 1918 aliquam
1488 1868 1546 1906 rei
1568 1868 1691 1905 totius
1713 1867 1882 1905 formam
1903 1867 2036 1905 animo
2058 1866 2210 1916 fingere
2232 1867 2372 1915 possis.

356 1950 445 1999 Age
474 1961 558 1987 rem
585 1961 687 1999 quae
715 1950 768 1988 sit
794 1951 1000 2000 experiare
1028 1951 1226 2001 exemplo,
1253 1950 1359 2002 quod
1386 1951 1428 1989 in
1456 1962 1528 1989 suo
1555 1962 1702 2000 genere
1725 1950 2113 2001 praestantissimum
2137 1948 2185 1987 ab
2209 1947 2375 1987 Hallero

166 2023 402 2073 proponitur
426 2023 533 2061 hunc
560 2022 600 2060 in
629 2023 805 2062 modum:

728 2096 849 2136 Vides
876 2100 921 2136 ut
949 2097 1029 2136 alta
1056 2098 1245 2148 gentiana
1274 2099 1503 2148 germinans

829 2159 985 2199 Herbas
1012 2164 1173 2211 superet
1201 2159 1409 2211 ignobiles,

727 2222 845 2262 Paret
873 2226 1066 2272 tyrannae
1094 2223 1212 2262 turba
1239 2222 1393 2272 florum,
1418 2223 1579 2261 caerula

830 2285 1009 2323 Honorat
1036 2286 1121 2335 ipsa
1149 2285 1260 2323 illam
1287 2296 1406 2323 soror.

727 2347 862 2387 Flores
889 2352 1079 2386 coronant
1107 2349 1217 2387 aurei
1246 2347 1368 2386 radiis
1397 2360 1514 2398 pares

832 2409 995 2449 Caulem
1024 2413 1144 2461 atque
1172 2414 1327 2449 vestem
1353 2411 1538 2449 caesiam.

728 2472 902 2512 Frondes
930 2473 1105 2513 eburnao
1132 2474 1251 2512 lineis
1278 2473 1501 2512 virentibus

831 2534 970 2574 Nitent
997 2548 1246 2587 gemmarum
1273 2536 1454 2575 fulmine.

728 2598 761 2636 Ο
789 2599 893 2636 iusta
922 2599 998 2648 lex,
1026 2602 1217 2637 venustas
1243 2600 1371 2637 mixta
1399 2598 1528 2637 robori

832 2659 948 2699 Mens
975 2674 1071 2700 sana
1098 2661 1263 2711 pulchro
1292 2662 1334 2700 in
1362 2673 1535 2711 corpore.

729 2722 806 2761 Hic
833 2723 956 2772 serpit
981 2722 1102 2761 herba
1130 2735 1250 2774 parva
1279 2726 1436 2763 noctem
1463 2734 1640 2774 aequans
1668 2722 1825 2773 nigram

832 2784 957 2823 Frons
984 2797 1035 2823 en
1061 2785 1180 2825 habet
1206 2787 1374 2825 formam
1402 2787 1543 2836 crucis,

727 2847 821 2887 Flos
847 2848 932 2899 ipse
960 2853 1097 2887 aurata
1125 2850 1261 2888 suavis
1286 2853 1415 2888 rostra
1441 2848 1562 2888 habet
1588 2848 1679 2897 duo,

833 2908 944 2956 Quae
971 2909 1049 2949 fert
1076 2912 1161 2950 avis
1189 2906 1442 2962 amet‘hystia.

727 2973 885 3012 Folium
912 2963 1004 3012 eece
1030 2974 1243 3024 splendens
1270 2976 1333 3013 hie
1361 2975 1534 3027 refulget
1562 2977 1690 3015 rivulo
1717 2978 1761 3015 in

833 3034 1002 3076 Virente
1027 3036 1242 3088 digitatum
1268 3049 1314 3077 ac
1342 3037 1442 3078 leve.

728 3099 890 3137 Florum
917 3099 1007 3136 alba
1034 3101 1106 3137 nix
1132 3102 1285 3149 sepitur
1311 3103 1440 3139 mixta
1470 3112 1670 3151 purpurae
