2546 3529
1254 268 1305 303 20

707 382 847 438 Αὕταρ
876 384 900 428 ὁ
930 385 1024 429 αὖτε
1052 385 1194 430 Θυεστ’
1219 386 1480 446 Ἀγαμεμνονι
1503 391 1609 430 λειπε
1640 403 1833 442 «poemat,

706 463 888 513 Πολλῃσι
911 471 1073 512 νησοισι
1096 476 1163 501 και
1179 456 1318 513 Ἀργει·
1338 476 1455 503 aava
1482 458 1680 502 ἄνασσαν.

165 530 323 578 Quibus
350 532 467 571 lectis
493 526 693 582 sce’ptrum
720 532 838 581 quale
864 532 1000 583 fuerit,
1025 533 1171 572 melius
1198 535 1472 585 cognovimus,
1500 545 1621 584 quam
1647 535 1683 574 si
1709 535 1862 586 pictum
1887 534 1953 573 vel
1973 532 2022 573 ab
2044 532 2167 571 altero
2188 531 2372 570 Vulcano

167 604 307 643 fictum
339 604 568 643 viderimus.
630 603 717 650 Qua
749 605 792 643 in
832 604 1099 655 descriptione
1141 606 1176 643 si
1215 606 1439 644 invenirem
1483 607 1743 658 interpretem
1784 607 1959 657 aliquem
1990 605 2155 645 Homeri
2193 606 2372 644 veterem

166 677 499 727 perfectissimam
518 676 758 715 admiratum
780 688 868 715 esse
889 677 1195 715 similitudinem
1211 679 1420 716 nascentis
1435 680 1619 728 primum,
1646 679 1791 718 deinde
1806 680 2034 728 crescentis,
2061 681 2102 717 et
2117 677 2371 716 confirmatae

160 749 341 798 ‚denique
368 747 588 787 hereditate
615 743 781 787 relictae
801 747 1011 799 dignitatis
1037 748 1191 799 regiae,
1224 760 1306 787 non
1333 750 1481 788 mirum
1507 750 1549 788 id
1574 750 1674 788 mihi
1700 745 1915 791 videretur'.
1976 750 2228 790 Subriderem
2262 750 2370 800 sane',

166 822 201 860 si
228 821 423 872 legerem,
452 820 642 870 Vulcani,
678 821 748 870 qui
775 824 977 872 sceptrum
1002 820 1221 860 fabricatus
1248 823 1374 871 esset,
1409 832 1579 871 persona
1606 822 1707 860 nihil
1736 823 1847 862 aliud
1875 823 2092 875 significari
2120 824 2197 862 nisi
2224 824 2369 874 ignem,

165 905 243 943 quo
270 894 321 932 ad
346 894 471 931 vitam
501 893 805 932 sustentandam
819 894 957 932 nihilo
984 905 1118 932 carere
1145 905 1353 944 possemus
1379 880 1531 943 minuS,
1566 905 1780 942 rerumque
1813 895 1864 933 ad
1897 896 2023 934 vitam
2058 896 2371 935 necessariarum

164 968 453 1019 expletionem,
488 967 604 1005 cuius
631 965 829 1006 desiderio
857 951 1015 1018 pristini
1044 966 1226 1006 homines
1249 968 1616 1016 commoverentur,
1645 969 1691 1006 ut
1718 967 1839 1006 unius
1865 979 1909 1006 se
1937 967 2167 1008 subicerent
2194 968 2370 1008 domina-

163 1042 282 1090 tioni3
310 1044 430 1090 atque
457 1041 631 1091 primum
658 1051 807 1092 regem,
834 1040 938 1080 Aevi
964 1040 1103 1091 filium,
1138 1040 1235 1087 (Δια
1262 1041 1496 1089 Κρονιωνα)
1524 1051 1661 1079 senem
1689 1040 1814 1079 fuisso
1839 1041 2126 1092 venerandum,
2162 1042 2231 1091 qui
2258 1043 2372 1094 regni

162 1125 300 1151 curam
328 1125 420 1151 cum
445 1114 532 1151 viro
549 1112 723 1151 facundo
745 1116 786 1151 et
805 1114 992 1164 prudenti
1013 1115 1038 1151 i.
1062 1125 1096 1151 e.
1118 1125 1210 1151 cum
1229 1112 1430 1151 Mercurio
1451 1113 1680 1166 (Διακτορῳ
1698 1109 1974 1164 Ἀργειφοντῃ)
1996 1115 2289 1153 communicare
2307 1115 2372 1153 vel

161 1187 296 1237 potius
325 1186 363 1224 ei
391 1184 533 1224 cedere
558 1185 701 1236 vellet,
729 1199 753 1224 a
781 1186 975 1236 prudente
1000 1186 1145 1225 deinde
1172 1189 1327 1225 oratore
1355 1197 1554 1224 summam
1580 1188 1837 1235 potestatem,
1866 1197 1958 1223 cum
1977 1186 2119 1223 civitas
2141 1186 2371 1240 adolescens

165 1258 216 1297 ab
242 1260 422 1298 externis
448 1261 667 1297 vexaretur
699 1258 898 1309 hostibus,
934 1259 1151 1298 fortissimo
1184 1258 1368 1298 bellatori
1401 1259 1571 1305 (Πελοπι
1603 1241 1822 1312 πλὴξιππῳ)
1853 1257 2041 1296 traditam
2074 1267 2180 1307 esse,
2215 1258 2264 1296 ab
2297 1260 2372 1297 hoc

166 1343 256 1370 eam
282 1330 464 1369 hostibus
488 1332 688 1382 oppressis
721 1332 958 1383 imperiique
990 1331 1138 1371 finibus
1171 1332 1338 1371 munitis
1372 1333 1415 1369 in
1444 1330 1518 1368 filii
1551 1342 1695 1369 manus
1725 1330 1936 1369 ‘transferri
1968 1331 2165 1381 potuisse,
2196 1332 2265 1380 qui
2298 1342 2371 1370 rex

164 1404 356 1454 pacificus
383 1408 596 1454 pastorque
623 1405 758 1455 gregis
783 1416 880 1444 suae
905 1405 1124 1444 benevolus
1134 1405 1316 1465 .(ποιμην
1341 1406 1465 1454 λαων)
1492 1416 1581 1442 eam
1607 1404 1835 1454 opulentiae
1863 1406 1905 1442 et
1931 1403 2198 1441 abundantiae
2234 1415 2370 1442 assue-

166 1480 315 1524 sceret3
344 1488 467 1525 quare
493 1479 650 1514 mortuo
683 1488 730 1515 eo
762 1481 1019 1528 cognatorum
1052 1478 1348 1528 opulentissime
1387 1478 1495 1515 viam
1528 1488 1616 1515 esse
1649 1476 1891 1527 patefactam
1924 1488 1972 1516 ea
2005 1487 2108 1525 quae
2141 1479 2259 1515 antea
2291 1476 2370 1515 fide

165 1552 281 1599 parta
306 1550 405 1587 viris
433 1548 538 1587 bene
565 1550 717 1588 meritis
744 1552 854 1589 oneri
880 1551 1009 1602 magis
1035 1562 1156 1600 quam
1183 1551 1322 1588 honori
1357 1554 1492 1588 essent
1526 1550 1641 1588 donis
1676 1552 1717 1588 et
1752 1548 2029 1600 largitionibus
2063 1548 2294 1597 acquirendi
2329 1558 2370 1587 et

167 1622 366 1671 acquisita
391 1623 509 1671 quasi
535 1622 683 1661 bonum
709 1626 859 1662 emtum
884 1623 1061 1662 familiae
1095 1635 1191 1663 suae
1224 1623 1495 1662 confirmandi.
1555 1622 1829 1672 Subriderem,
1860 1623 2042 1672 inquam,
2076 1621 2200 1660 nihilo
2234 1625 2368 1661 tamen

167 1695 300 1733 secius
327 1695 478 1734 maiore
506 1696 629 1734 etiam
657 1696 836 1735 afficerer
861 1696 1123 1736 admiratione
1150 1700 1304 1747 poetae,
1332 1697 1398 1734 cui
1424 1700 1483 1735 tot
1511 1697 1736 1735 sententiae
1764 1699 1930 1747 possent
1954 1696 2134 1746 supponi.
2162 1715 2215 1722 —
2241 1694 2317 1733 Sed
2346 1708 2369 1734 a

168 1767 235 1804 via
260 1768 464 1817 proposita
490 1768 686 1820 aberravi,
720 1770 799 1808 iam
823 1770 873 1808 ad
900 1771 1146 1820 propositum
1172 1771 1390 1808 revertenti
1418 1770 1517 1808 mihi
1544 1770 1690 1819 sceptri
1716 1769 1881 1807 historia
1909 1768 2020 1806 nullo
2048 1768 2126 1806 alio
2154 1768 2318 1806 consilio
2346 1781 2370 1806 a

168 1843 286 1891 poeta
312 1840 475 1880 videtur
500 1842 749 1894 interposita,
782 1844 861 1883 nisi
888 1847 934 1882 ut
960 1844 1034 1883 hoc
1062 1843 1229 1883 artificio
1257 1845 1299 1882 in
1327 1843 1487 1895 singula
1513 1843 1584 1882 illa
1616 1855 1659 1882 re
1693 1841 1999 1893 contemplanda
2033 1841 2185 1880 diutius
2218 1843 2368 1880 versari

167 1924 241 1951 nos
268 1916 385 1964 cogat
412 1915 499 1953 sine
527 1915 609 1953 ulla
634 1916 779 1967 frigida
803 1917 1052 1968 singularum
1080 1918 1254 1968 partium
1281 1916 1558 1967 descriptione.
1613 1914 1715 1954 Nam
1741 1915 1899 1954 Achille
1927 1916 2050 1953 etiam
2077 1926 2148 1965 per
2168 1918 2368 1965 sceptrum

167 1987 345 2035 iurante,
380 1999 423 2025 se
449 1989 707 2044 ignominiam
734 1990 783 2027 ab
810 1991 1112 2040 Agamemnone
1140 1990 1293 2027 illatam
1320 2001 1408 2028 esse
1437 1990 1634 2037 ulturum,
1669 1990 1816 2037 sceptri
1843 1988 2008 2026 historia
2034 1990 2236 2035 narratur,
2264 1988 2368 2035 quod

165 2056 350 2097 videmus
378 2070 430 2098 ex
457 2062 596 2100 trunco
623 2061 772 2101 arboris
798 2062 840 2101 in
869 2063 1036 2102 summis
1063 2061 1266 2102 montibus
1294 2062 1530 2102 virescentis
1557 2061 1747 2111 recisum,
1780 2059 1967 2111 foliisque
2002 2062 2043 2099 et
2077 2059 2222 2099 cortice
2256 2058 2367 2112 orba-

164 2133 252 2168 tum
278 2131 465 2182 ferroque
491 2132 678 2184 dolatum,
706 2137 751 2171 ut
778 2135 977 2174 iudicibus
1006 2135 1138 2186 populi
1164 2135 1322 2186 insigne
1350 2135 1403 2172 sit
1428 2134 1587 2171 divinae
1612 2133 1872 2171 auctoritatis.
1925 2130 2116 2182 Legimus
2135 2132 2243 2169 enim
2264 2132 2368 2182 apud

163 2203 386 2242 Homerum
413 2205 528 2242 haec:
1578 2188 1584 2194 ·

636 2281 728 2319 Νοιι4
747 2295 801 2331 μα
826 2282 922 2321 τοδε
949 2292 1162 2332 σκηπτρον,
1189 2259 1235 2321 to
1266 2295 1338 2332 μεν
1360 2275 1510 2320 ου’ποτε
1531 2282 1663 2331 φυλλα
1681 2294 1751 2332 μαι
1772 2275 1897 2327 ὄζους

637 2337 913 2405 Φυσει,ἐπειδὴ
939 2368 1078 2404 upana
1103 2368 1232 2405 τομην
1258 2352 1302 2393 ἐν
1330 2350 1471 2403 ἆρἐσσι
1495 2354 1687 2400 λελοιπεν,

577 2444 596 2468 ·.
637 2421 736 2467 Οὐδ’
763 2422 1107 2478 ἀνωθηλησειπερι
1130 2442 1206 2479 γαρ
1236 2442 1288 2477 ρα
1315 2424 1335 2466 ἑ
1357 2429 1504 2478 χαλκος
1530 2424 1643 2467 ἔλεψε

636 2502 774 2539 Φυλλα
799 2495 842 2539 τὲ
864 2515 932 2539 και
957 2503 1108 2551 φλοιοῦ
1132 2507 1211 2540 νύν
1238 2495 1333 2540 αὖτε
1360 2513 1428 2551 μιν
1453 2499 1539 2545 υἷες
1564 2495 1729 2550 Ἀχαιων
1766 2498 1769 2501 ’

632 2568 695 2613 Ἐν
719 2574 900 2625 παλαμῃς
927 2584 1132 2624 φορεουσι
1158 2574 1407 2620 δικασπολοι,
1437 2573 1482 2611 οἱ
1502 2586 1543 2612 τε
1568 2575 1759 2623 θεμιστας

632 2649 881 2698 ΠροςΔιος
906 2646 1084 2695 εἰρυαται
1111 2667 1472 2675 —————

156 2719 243 2765 Qua
271 2721 312 2758 in
340 2733 383 2758 re
412 2724 555 2770 poetae
583 2732 663 2758 non
696 2724 779 2757 tam
804 2720 1011 2768 intererat,
1048 2724 1093 2757 ut
1120 2720 1198 2757 duo
1226 2719 1426 2769 scipiones
1459 2718 1701 2757 describeret
1734 2719 1901 2757 materia
1935 2720 2141 2771 formaque
2177 2721 2365 2770 diversos,

155 2804 275 2844 quam
312 2796 357 2832 ut
390 2796 633 2844 potestatem
668 2803 822 2842 eorum,
855 2803 1021 2843 quorum
1059 2794 1101 2831 in
1134 2791 1319 2832 manibus
1351 2792 1528 2843 insignia
1561 2794 1692 2841 erant,
1726 2803 1846 2842 quam
1879 2795 1986 2831 esset
2028 2792 2204 2844 diversa,
2239 2794 2366 2833 oculis

154 2867 269 2917 quasi
299 2866 510 2907 subiceret.
566 2865 640 2905 Ille
668 2866 777 2905 enim
804 2877 827 2903 a
854 2865 1034 2904 Vulcano
1060 2866 1296 2916 fabricatus,
1324 2866 1388 2904 hic
1416 2878 1439 2903 a
1466 2865 1600 2903 nescio
1634 2876 1712 2915 quo
1747 2865 1788 2903 in
1823 2865 2026 2905 montibus
2061 2870 2147 2906 erat
2179 2867 2364 2917 rescisus,

153 2940 222 2978 ille
248 2943 366 2978 vetus
392 2939 667 2978 nobilissimae
695 2938 828 2988 gentis
855 2943 1144 2989 ornamentum,
1171 2940 1237 2977 hic
1263 2938 1313 2977 ad
1341 2927 1680 2988 pugnum'nescio
1706 2938 1821 2976 cuius
1847 2938 2094 2989 implendum
2122 2939 2265 2989 factus,
2294 2938 2364 2976 ille

152 3026 177 3052 a
206 3014 381 3064 principe
407 3013 627 3052 multarum
662 3010 884 3051 insularum
918 3012 1121 3063 totiusque
1148 3012 1340 3051 Graeciae
1374 3011 1662 3062 potentissimo,
1693 3010 1762 3050 ille
1797 3010 1846 3050 ab
1880 3023 1961 3051 uno
1995 3012 2129 3066 aliquo
2162 3024 2214 3052 ex
2241 3011 2365 3050 Grae·

150 3098 287 3125 corum
315 3086 562 3138 principibus
589 3089 740 3138 gestus.
769 3086 846 3135 cui,
874 3088 919 3123 ut
945 3085 1035 3124 aliis
1061 3086 1199 3125 multis
1228 3086 1364 3136 legum
1395 3084 1683 3124 servandarum
1710 3086 1922 3124 commissa
1948 3090 2034 3125 erat
2060 3085 2198 3124 tutela.
2252 3083 2366 3123 Adeo
