<?xml version="1.0" encoding="UTF-8"?>
<!DOCTYPE html PUBLIC "-//W3C//DTD XHTML 1.0 Transitional//EN"
    "http://www.w3.org/TR/xhtml1/DTD/xhtml1-transitional.dtd">
<html xmlns="http://www.w3.org/1999/xhtml" xml:lang="en" lang="en">
 <head>
  <title>
</title>
<meta http-equiv="Content-Type" content="text/html;charset=utf-8" />
  <meta name='ocr-system' content='tesseract 3.04.00' />
  <meta name='ocr-capabilities' content='ocr_page ocr_carea ocr_par ocr_line ocrx_word'/>
</head>
<body>
  <div class='ocr_page' id='page_1' title='image "4769345_0021.png"; bbox 0 0 2546 3529; ppageno 0'>
   <div class='ocr_carea' id='block_1_1' title="bbox 1238 270 1286 305">
    <p class='ocr_par' dir='ltr' id='par_1_1' title="bbox 1238 270 1286 305">
     <span class='ocr_line' id='line_1_1' title="bbox 1238 270 1286 305; baseline 0.021 -1"><span class='ocrx_word' id='word_1_1' title='bbox 1238 270 1286 305; x_wconf 84' lang='lat'>13</span> 
     </span>
    </p>
   </div>
   <div class='ocr_carea' id='block_1_2' title="bbox 1164 320 1354 326">
    <p class='ocr_par' dir='ltr' id='par_1_2' title="bbox 1164 320 1354 326">
     <span class='ocr_line' id='line_1_2' title="bbox 1164 320 1354 326; baseline 0 0"><span class='ocrx_word' id='word_1_2' title='bbox 1164 320 1354 326; x_wconf 95' lang='lat' dir='ltr'> </span> 
     </span>
    </p>
   </div>
   <div class='ocr_carea' id='block_1_3' title="bbox 142 392 2363 2926">
    <p class='ocr_par' dir='ltr' id='par_1_3' title="bbox 154 392 2363 1102">
     <span class='ocr_line' id='line_1_3' title="bbox 155 392 2363 446; baseline -0.001 -11"><span class='ocrx_word' id='word_1_3' title='bbox 155 397 368 446; x_wconf 89' lang='lat' dir='ltr'>Venerem,</span> <span class='ocrx_word' id='word_1_4' title='bbox 395 396 540 434; x_wconf 86' lang='lat' dir='ltr'>Idaeus</span> <span class='ocrx_word' id='word_1_5' title='bbox 567 405 640 444; x_wconf 89' lang='lat' dir='ltr'>per</span> <span class='ocrx_word' id='word_1_6' title='bbox 664 392 910 443; x_wconf 86' lang='lat' dir='ltr'>Neptunum,</span> <span class='ocrx_word' id='word_1_7' title='bbox 937 403 1009 442; x_wconf 88' lang='lat' dir='ltr'>per</span> <span class='ocrx_word' id='word_1_8' title='bbox 1035 392 1265 442; x_wconf 85' lang='lat' dir='ltr'>Apollinem</span> <span class='ocrx_word' id='word_1_9' title='bbox 1284 392 1446 431; x_wconf 86' lang='lat' dir='ltr'>Hector.</span> <span class='ocrx_word' id='word_1_10' title='bbox 1499 393 1626 439; x_wconf 83' lang='lat' dir='ltr'>Quam</span> <span class='ocrx_word' id='word_1_11' title='bbox 1653 394 1841 432; x_wconf 83' lang='lat' dir='ltr'>nebulam</span> <span class='ocrx_word' id='word_1_12' title='bbox 1869 394 2069 432; x_wconf 81' lang='lat' dir='ltr'>nubemve</span> <span class='ocrx_word' id='word_1_13' title='bbox 2089 393 2239 443; x_wconf 87' lang='lat' dir='ltr'>Caylus</span> <span class='ocrx_word' id='word_1_14' title='bbox 2266 395 2363 432; x_wconf 86' lang='lat' dir='ltr'>arti·</span> 
     </span>
     <span class='ocr_line' id='line_1_4' title="bbox 155 463 2360 519; baseline -0.001 -11"><span class='ocrx_word' id='word_1_15' title='bbox 155 468 298 507; x_wconf 87' lang='lat' dir='ltr'>ficibus</span> <span class='ocrx_word' id='word_1_16' title='bbox 330 469 478 506; x_wconf 90' lang='lat' dir='ltr'>iterum</span> <span class='ocrx_word' id='word_1_17' title='bbox 512 467 739 514; x_wconf 82' lang='lat' dir='ltr'>iterumque</span> <span class='ocrx_word' id='word_1_18' title='bbox 772 464 1026 502; x_wconf 80' lang='lat' dir='ltr'>commendat</span> <span class='ocrx_word' id='word_1_19' title='bbox 1058 463 1321 514; x_wconf 86' lang='lat' dir='ltr'>adhibendas,</span> <span class='ocrx_word' id='word_1_20' title='bbox 1357 466 1541 514; x_wconf 91' lang='lat' dir='ltr'>quotiens</span> <span class='ocrx_word' id='word_1_21' title='bbox 1580 467 1618 504; x_wconf 91' lang='lat' dir='ltr'>ei</span> <span class='ocrx_word' id='word_1_22' title='bbox 1657 467 1852 504; x_wconf 88' lang='lat' dir='ltr'>eiusmodi</span> <span class='ocrx_word' id='word_1_23' title='bbox 1889 467 2132 519; x_wconf 82' lang='lat' dir='ltr'>praeformat</span> <span class='ocrx_word' id='word_1_24' title='bbox 2169 468 2360 518; x_wconf 79' lang='lat' dir='ltr'>picturas.</span> 
     </span>
     <span class='ocr_line' id='line_1_5' title="bbox 155 537 2362 592; baseline -0 -12"><span class='ocrx_word' id='word_1_25' title='bbox 155 541 254 587; x_wconf 82' lang='lat' dir='ltr'>Quis</span> <span class='ocrx_word' id='word_1_26' title='bbox 281 545 416 580; x_wconf 77' lang='lat' dir='ltr'>autem</span> <span class='ocrx_word' id='word_1_27' title='bbox 444 544 525 589; x_wconf 89' lang='lat' dir='ltr'>est,</span> <span class='ocrx_word' id='word_1_28' title='bbox 560 540 659 588; x_wconf 90' lang='lat' dir='ltr'>quin</span> <span class='ocrx_word' id='word_1_29' title='bbox 685 538 905 588; x_wconf 85' lang='lat' dir='ltr'>intelligat,</span> <span class='ocrx_word' id='word_1_30' title='bbox 937 539 1012 576; x_wconf 87' lang='lat' dir='ltr'>hac</span> <span class='ocrx_word' id='word_1_31' title='bbox 1038 537 1202 588; x_wconf 87' lang='lat' dir='ltr'>nebula,</span> <span class='ocrx_word' id='word_1_32' title='bbox 1235 538 1309 576; x_wconf 84' lang='lat' dir='ltr'>hac</span> <span class='ocrx_word' id='word_1_33' title='bbox 1336 539 1508 588; x_wconf 90' lang='lat' dir='ltr'>caligine</span> <span class='ocrx_word' id='word_1_34' title='bbox 1536 540 1636 577; x_wconf 83' lang='lat' dir='ltr'>nihil</span> <span class='ocrx_word' id='word_1_35' title='bbox 1662 540 1769 578; x_wconf 86' lang='lat' dir='ltr'>aliud</span> <span class='ocrx_word' id='word_1_36' title='bbox 1795 541 1969 579; x_wconf 81' lang='lat' dir='ltr'>voluisse</span> <span class='ocrx_word' id='word_1_37' title='bbox 1995 544 2172 592; x_wconf 72' lang='lat' dir='ltr'>poetam,</span> <span class='ocrx_word' id='word_1_38' title='bbox 2208 542 2288 579; x_wconf 86' lang='lat' dir='ltr'>nisi</span> <span class='ocrx_word' id='word_1_39' title='bbox 2315 545 2362 579; x_wconf 88' lang='lat' dir='ltr'>ut</span> 
     </span>
     <span class='ocr_line' id='line_1_6' title="bbox 155 610 2360 665; baseline 0 -12"><span class='ocrx_word' id='word_1_40' title='bbox 155 614 367 665; x_wconf 89' lang='lat' dir='ltr'>significet,</span> <span class='ocrx_word' id='word_1_41' title='bbox 395 625 460 651; x_wconf 90' lang='lat' dir='ltr'>res</span> <span class='ocrx_word' id='word_1_42' title='bbox 489 612 538 650; x_wconf 87' lang='lat' dir='ltr'>ab</span> <span class='ocrx_word' id='word_1_43' title='bbox 566 611 647 650; x_wconf 90' lang='lat' dir='ltr'>illis</span> <span class='ocrx_word' id='word_1_44' title='bbox 673 611 875 650; x_wconf 85' lang='lat' dir='ltr'>involutas</span> <span class='ocrx_word' id='word_1_45' title='bbox 902 624 926 650; x_wconf 90' lang='lat' dir='ltr'>a</span> <span class='ocrx_word' id='word_1_46' title='bbox 953 615 1170 662; x_wconf 90' lang='lat' dir='ltr'>conspectu</span> <span class='ocrx_word' id='word_1_47' title='bbox 1197 623 1286 650; x_wconf 88' lang='lat' dir='ltr'>esse</span> <span class='ocrx_word' id='word_1_48' title='bbox 1313 610 1543 650; x_wconf 86' lang='lat' dir='ltr'>abstractas.</span> <span class='ocrx_word' id='word_1_49' title='bbox 1596 611 1725 657; x_wconf 83' lang='lat' dir='ltr'>Quare</span> <span class='ocrx_word' id='word_1_50' title='bbox 1743 625 1898 664; x_wconf 85' lang='lat' dir='ltr'>semper</span> <span class='ocrx_word' id='word_1_51' title='bbox 1916 615 2083 653; x_wconf 79' lang='lat' dir='ltr'>miratus</span> <span class='ocrx_word' id='word_1_52' title='bbox 2103 627 2205 665; x_wconf 90' lang='lat' dir='ltr'>sum,</span> <span class='ocrx_word' id='word_1_53' title='bbox 2231 615 2360 665; x_wconf 76' lang='lat' dir='ltr'>poeti·</span> 
     </span>
     <span class='ocr_line' id='line_1_7' title="bbox 155 683 2358 739; baseline 0 -14"><span class='ocrx_word' id='word_1_54' title='bbox 155 699 243 726; x_wconf 86' lang='lat' dir='ltr'>cam</span> <span class='ocrx_word' id='word_1_55' title='bbox 271 687 382 725; x_wconf 85' lang='lat' dir='ltr'>illam</span> <span class='ocrx_word' id='word_1_56' title='bbox 409 685 579 723; x_wconf 84' lang='lat' dir='ltr'>formam</span> <span class='ocrx_word' id='word_1_57' title='bbox 604 684 790 723; x_wconf 90' lang='lat' dir='ltr'>effectam</span> <span class='ocrx_word' id='word_1_58' title='bbox 815 696 1032 734; x_wconf 82' lang='lat' dir='ltr'>veramque</span> <span class='ocrx_word' id='word_1_59' title='bbox 1058 683 1207 723; x_wconf 90' lang='lat' dir='ltr'>nubem</span> <span class='ocrx_word' id='word_1_60' title='bbox 1234 685 1277 722; x_wconf 92' lang='lat' dir='ltr'>in</span> <span class='ocrx_word' id='word_1_61' title='bbox 1301 685 1476 735; x_wconf 80' lang='lat' dir='ltr'>imagine</span> <span class='ocrx_word' id='word_1_62' title='bbox 1503 684 1637 733; x_wconf 85' lang='lat' dir='ltr'>aliqua</span> <span class='ocrx_word' id='word_1_63' title='bbox 1656 686 1912 724; x_wconf 82' lang='lat' dir='ltr'>constitutam</span> <span class='ocrx_word' id='word_1_64' title='bbox 1931 686 2082 737; x_wconf 89' lang='lat' dir='ltr'>videns,</span> <span class='ocrx_word' id='word_1_65' title='bbox 2108 699 2211 739; x_wconf 91' lang='lat' dir='ltr'>pone</span> <span class='ocrx_word' id='word_1_66' title='bbox 2236 699 2358 737; x_wconf 89' lang='lat' dir='ltr'>quam</span> 
     </span>
     <span class='ocr_line' id='line_1_8' title="bbox 156 756 2358 811; baseline 0 -11"><span class='ocrx_word' id='word_1_67' title='bbox 156 764 349 810; x_wconf 88' lang='lat' dir='ltr'>tanquam</span> <span class='ocrx_word' id='word_1_68' title='bbox 376 758 529 811; x_wconf 87' lang='lat' dir='ltr'>pariete</span> <span class='ocrx_word' id='word_1_69' title='bbox 557 756 694 797; x_wconf 92' lang='lat' dir='ltr'>mobili</span> <span class='ocrx_word' id='word_1_70' title='bbox 721 758 902 798; x_wconf 90' lang='lat' dir='ltr'>occultus</span> <span class='ocrx_word' id='word_1_71' title='bbox 929 758 1044 798; x_wconf 90' lang='lat' dir='ltr'>heros</span> <span class='ocrx_word' id='word_1_72' title='bbox 1071 758 1218 808; x_wconf 89' lang='lat' dir='ltr'>aliquis</span> <span class='ocrx_word' id='word_1_73' title='bbox 1244 760 1503 809; x_wconf 87' lang='lat' dir='ltr'>conspectum</span> <span class='ocrx_word' id='word_1_74' title='bbox 1529 757 1655 797; x_wconf 89' lang='lat' dir='ltr'>hostis</span> <span class='ocrx_word' id='word_1_75' title='bbox 1682 758 1834 808; x_wconf 84' lang='lat' dir='ltr'>effugit.</span> <span class='ocrx_word' id='word_1_76' title='bbox 1887 758 2025 809; x_wconf 84' lang='lat' dir='ltr'>Neque</span> <span class='ocrx_word' id='word_1_77' title='bbox 2051 765 2168 811; x_wconf 75' lang='lat' dir='ltr'>poeta</span> <span class='ocrx_word' id='word_1_78' title='bbox 2194 762 2269 800; x_wconf 94' lang='lat' dir='ltr'>hoc</span> <span class='ocrx_word' id='word_1_79' title='bbox 2288 772 2358 799; x_wconf 83' lang='lat' dir='ltr'>vo·</span> 
     </span>
     <span class='ocr_line' id='line_1_9' title="bbox 156 831 2355 884; baseline 0 -13"><span class='ocrx_word' id='word_1_80' title='bbox 156 835 244 883; x_wconf 89' lang='lat' dir='ltr'>luit,</span> <span class='ocrx_word' id='word_1_81' title='bbox 271 838 313 871; x_wconf 91' lang='lat' dir='ltr'>et</span> <span class='ocrx_word' id='word_1_82' title='bbox 340 833 487 870; x_wconf 83' lang='lat' dir='ltr'>artifex</span> <span class='ocrx_word' id='word_1_83' title='bbox 514 833 588 869; x_wconf 88' lang='lat' dir='ltr'>hac</span> <span class='ocrx_word' id='word_1_84' title='bbox 615 833 780 869; x_wconf 84' lang='lat' dir='ltr'>ratione·</span> <span class='ocrx_word' id='word_1_85' title='bbox 796 832 946 870; x_wconf 84' lang='lat' dir='ltr'>limites</span> <span class='ocrx_word' id='word_1_86' title='bbox 973 834 1070 870; x_wconf 87' lang='lat' dir='ltr'>artis</span> <span class='ocrx_word' id='word_1_87' title='bbox 1092 844 1189 870; x_wconf 84' lang='lat' dir='ltr'>suae</span> <span class='ocrx_word' id='word_1_88' title='bbox 1207 832 1423 882; x_wconf 89' lang='lat' dir='ltr'>egreditur.</span> <span class='ocrx_word' id='word_1_89' title='bbox 1476 831 1590 869; x_wconf 88' lang='lat' dir='ltr'>Haec</span> <span class='ocrx_word' id='word_1_90' title='bbox 1612 832 1721 869; x_wconf 90' lang='lat' dir='ltr'>enim</span> <span class='ocrx_word' id='word_1_91' title='bbox 1741 832 1867 870; x_wconf 91' lang='lat' dir='ltr'>nubes</span> <span class='ocrx_word' id='word_1_92' title='bbox 1885 834 1983 870; x_wconf 88' lang='lat' dir='ltr'>nihil</span> <span class='ocrx_word' id='word_1_93' title='bbox 2004 839 2065 871; x_wconf 88' lang='lat' dir='ltr'>est</span> <span class='ocrx_word' id='word_1_94' title='bbox 2084 835 2162 872; x_wconf 88' lang='lat' dir='ltr'>nisi</span> <span class='ocrx_word' id='word_1_95' title='bbox 2182 835 2355 884; x_wconf 88' lang='lat' dir='ltr'>signum,</span> 
     </span>
     <span class='ocr_line' id='line_1_10' title="bbox 160 903 2356 956; baseline 0.001 -13"><span class='ocrx_word' id='word_1_96' title='bbox 160 909 205 944; x_wconf 89' lang='lat' dir='ltr'>ut</span> <span class='ocrx_word' id='word_1_97' title='bbox 233 906 291 943; x_wconf 85' lang='lat' dir='ltr'>ita</span> <span class='ocrx_word' id='word_1_98' title='bbox 319 904 462 954; x_wconf 87' lang='lat' dir='ltr'>dicam,</span> <span class='ocrx_word' id='word_1_99' title='bbox 490 904 845 955; x_wconf 86' lang='lat' dir='ltr'>hieroglyphicum,</span> <span class='ocrx_word' id='word_1_100' title='bbox 873 904 979 954; x_wconf 93' lang='lat' dir='ltr'>quod</span> <span class='ocrx_word' id='word_1_101' title='bbox 999 905 1165 953; x_wconf 33' lang='lat' dir='ltr'>‚heroem</span> <span class='ocrx_word' id='word_1_102' title='bbox 1191 904 1405 947; x_wconf 84' lang='lat' dir='ltr'>liberatum</span> <span class='ocrx_word' id='word_1_103' title='bbox 1429 915 1511 942; x_wconf 91' lang='lat' dir='ltr'>non</span> <span class='ocrx_word' id='word_1_104' title='bbox 1534 915 1675 942; x_wconf 84' lang='lat' dir='ltr'>revera</span> <span class='ocrx_word' id='word_1_105' title='bbox 1693 903 1839 953; x_wconf 89' lang='lat' dir='ltr'>condit,</span> <span class='ocrx_word' id='word_1_106' title='bbox 1866 904 1935 942; x_wconf 87' lang='lat' dir='ltr'>sed</span> <span class='ocrx_word' id='word_1_107' title='bbox 1952 910 2190 956; x_wconf 77' lang='lat' dir='ltr'>spectatores</span> <span class='ocrx_word' id='word_1_108' title='bbox 2208 910 2356 956; x_wconf 86' lang='lat' dir='ltr'>monet,</span> 
     </span>
     <span class='ocr_line' id='line_1_11' title="bbox 157 977 2355 1030; baseline 0.001 -14"><span class='ocrx_word' id='word_1_109' title='bbox 157 982 203 1016; x_wconf 92' lang='lat' dir='ltr'>ut</span> <span class='ocrx_word' id='word_1_110' title='bbox 230 979 363 1016; x_wconf 85' lang='lat' dir='ltr'>animo</span> <span class='ocrx_word' id='word_1_111' title='bbox 391 990 484 1016; x_wconf 88' lang='lat' dir='ltr'>eum</span> <span class='ocrx_word' id='word_1_112' title='bbox 510 977 665 1028; x_wconf 88' lang='lat' dir='ltr'>fingant</span> <span class='ocrx_word' id='word_1_113' title='bbox 692 977 909 1027; x_wconf 90' lang='lat' dir='ltr'>conditum,</span> <span class='ocrx_word' id='word_1_114' title='bbox 937 978 1222 1026; x_wconf 90' lang='lat' dir='ltr'>simillimaque</span> <span class='ocrx_word' id='word_1_115' title='bbox 1249 981 1311 1016; x_wconf 88' lang='lat' dir='ltr'>est</span> <span class='ocrx_word' id='word_1_116' title='bbox 1339 977 1541 1016; x_wconf 79' lang='lat' dir='ltr'>schedulis</span> <span class='ocrx_word' id='word_1_117' title='bbox 1568 977 1649 1015; x_wconf 89' lang='lat' dir='ltr'>illis</span> <span class='ocrx_word' id='word_1_118' title='bbox 1678 978 1720 1015; x_wconf 90' lang='lat' dir='ltr'>in</span> <span class='ocrx_word' id='word_1_119' title='bbox 1746 978 1916 1015; x_wconf 80' lang='lat' dir='ltr'>vetustis</span> <span class='ocrx_word' id='word_1_120' title='bbox 1936 978 2171 1026; x_wconf 89' lang='lat' dir='ltr'>quibusdam</span> <span class='ocrx_word' id='word_1_121' title='bbox 2191 981 2355 1030; x_wconf 88' lang='lat' dir='ltr'>picturis</span> 
     </span>
     <span class='ocr_line' id='line_1_12' title="bbox 154 1049 1988 1102; baseline -0.001 -13"><span class='ocrx_word' id='word_1_122' title='bbox 154 1063 208 1089; x_wconf 84' lang='lat' dir='ltr'>ex</span> <span class='ocrx_word' id='word_1_123' title='bbox 235 1063 302 1089; x_wconf 87' lang='lat' dir='ltr'>ore</span> <span class='ocrx_word' id='word_1_124' title='bbox 329 1063 588 1102; x_wconf 88' lang='lat' dir='ltr'>personarum</span> <span class='ocrx_word' id='word_1_125' title='bbox 614 1051 813 1102; x_wconf 89' lang='lat' dir='ltr'>pictorum</span> <span class='ocrx_word' id='word_1_126' title='bbox 838 1049 1119 1100; x_wconf 87' lang='lat' dir='ltr'>pendentibus,</span> <span class='ocrx_word' id='word_1_127' title='bbox 1146 1051 1188 1087; x_wconf 89' lang='lat' dir='ltr'>in</span> <span class='ocrx_word' id='word_1_128' title='bbox 1217 1049 1362 1098; x_wconf 89' lang='lat' dir='ltr'>quibus</span> <span class='ocrx_word' id='word_1_129' title='bbox 1390 1050 1486 1098; x_wconf 89' lang='lat' dir='ltr'>quid</span> <span class='ocrx_word' id='word_1_130' title='bbox 1512 1051 1689 1088; x_wconf 79' lang='lat' dir='ltr'>dixerint</span> <span class='ocrx_word' id='word_1_131' title='bbox 1715 1050 1776 1088; x_wconf 86' lang='lat' dir='ltr'>illi</span> <span class='ocrx_word' id='word_1_132' title='bbox 1803 1051 1988 1100; x_wconf 86' lang='lat' dir='ltr'>aperitur.</span> 
     </span>
    </p>

    <p class='ocr_par' dir='ltr' id='par_1_4' title="bbox 147 1122 2357 2050">
     <span class='ocr_line' id='line_1_13' title="bbox 343 1122 2354 1177; baseline 0 -15"><span class='ocrx_word' id='word_1_133' title='bbox 343 1123 544 1162; x_wconf 87' lang='lat' dir='ltr'>Homerus</span> <span class='ocrx_word' id='word_1_134' title='bbox 571 1136 668 1162; x_wconf 88' lang='lat' dir='ltr'>sane</span> <span class='ocrx_word' id='word_1_135' title='bbox 696 1123 859 1173; x_wconf 91' lang='lat' dir='ltr'>quidem</span> <span class='ocrx_word' id='word_1_136' title='bbox 884 1123 1097 1172; x_wconf 82' lang='lat' dir='ltr'>Achillem,</span> <span class='ocrx_word' id='word_1_137' title='bbox 1125 1123 1240 1161; x_wconf 89' lang='lat' dir='ltr'>cuius</span> <span class='ocrx_word' id='word_1_138' title='bbox 1268 1135 1291 1161; x_wconf 89' lang='lat' dir='ltr'>e</span> <span class='ocrx_word' id='word_1_139' title='bbox 1319 1128 1535 1174; x_wconf 88' lang='lat' dir='ltr'>conspectu</span> <span class='ocrx_word' id='word_1_140' title='bbox 1553 1123 1699 1174; x_wconf 87' lang='lat' dir='ltr'>Apollo</span> <span class='ocrx_word' id='word_1_141' title='bbox 1719 1122 1935 1162; x_wconf 86' lang='lat' dir='ltr'>Hectorem</span> <span class='ocrx_word' id='word_1_142' title='bbox 1964 1130 2150 1173; x_wconf 86' lang='lat' dir='ltr'>removet,</span> <span class='ocrx_word' id='word_1_143' title='bbox 2178 1131 2239 1163; x_wconf 92' lang='lat' dir='ltr'>ter</span> <span class='ocrx_word' id='word_1_144' title='bbox 2257 1127 2354 1177; x_wconf 82' lang='lat' dir='ltr'>facit</span> 
     </span>
     <span class='ocr_line' id='line_1_14' title="bbox 152 1191 2354 1248; baseline 0 -13"><span class='ocrx_word' id='word_1_145' title='bbox 152 1196 340 1235; x_wconf 85' lang='lat' dir='ltr'>nebulam</span> <span class='ocrx_word' id='word_1_146' title='bbox 369 1197 480 1235; x_wconf 90' lang='lat' dir='ltr'>illam</span> <span class='ocrx_word' id='word_1_147' title='bbox 505 1198 721 1236; x_wconf 85' lang='lat' dir='ltr'>ferientem</span> <span class='ocrx_word' id='word_1_148' title='bbox 747 1197 846 1245; x_wconf 80' lang='grc' dir='ltr'><strong>(τρις</strong></span> <span class='ocrx_word' id='word_1_149' title='bbox 875 1191 1012 1246; x_wconf 74' lang='grc' dir='ltr'><strong><em>δἠερα</em></strong></span> <span class='ocrx_word' id='word_1_150' title='bbox 1037 1201 1140 1236; x_wconf 59' lang='lat' dir='ltr'>ww&amp;</span> <span class='ocrx_word' id='word_1_151' title='bbox 1167 1197 1366 1247; x_wconf 83' lang='grc' dir='ltr'><strong><em>βαθειαν).</em></strong></span> <span class='ocrx_word' id='word_1_152' title='bbox 1426 1196 1483 1234; x_wconf 90' lang='lat' dir='ltr'>At</span> <span class='ocrx_word' id='word_1_153' title='bbox 1509 1208 1561 1235; x_wconf 90' lang='lat' dir='ltr'>ne</span> <span class='ocrx_word' id='word_1_154' title='bbox 1588 1197 1663 1234; x_wconf 90' lang='lat' dir='ltr'>hac</span> <span class='ocrx_word' id='word_1_155' title='bbox 1690 1196 1853 1245; x_wconf 92' lang='lat' dir='ltr'>quidem</span> <span class='ocrx_word' id='word_1_156' title='bbox 1880 1208 1923 1234; x_wconf 86' lang='lat' dir='ltr'>re</span> <span class='ocrx_word' id='word_1_157' title='bbox 1951 1197 2058 1234; x_wconf 88' lang='lat' dir='ltr'>aliud</span> <span class='ocrx_word' id='word_1_158' title='bbox 2084 1198 2179 1246; x_wconf 90' lang='lat' dir='ltr'>quid</span> <span class='ocrx_word' id='word_1_159' title='bbox 2205 1199 2354 1248; x_wconf 86' lang='lat' dir='ltr'>signifi-</span> 
     </span>
     <span class='ocr_line' id='line_1_15' title="bbox 153 1268 2354 1320; baseline 0.001 -13"><span class='ocrx_word' id='word_1_160' title='bbox 153 1273 277 1318; x_wconf 87' lang='lat' dir='ltr'>catur,</span> <span class='ocrx_word' id='word_1_161' title='bbox 305 1271 382 1308; x_wconf 92' lang='lat' dir='ltr'>nisi</span> <span class='ocrx_word' id='word_1_162' title='bbox 401 1269 602 1307; x_wconf 86' lang='lat' dir='ltr'>Achillem</span> <span class='ocrx_word' id='word_1_163' title='bbox 629 1268 763 1306; x_wconf 88' lang='lat' dir='ltr'>furore</span> <span class='ocrx_word' id='word_1_164' title='bbox 790 1268 889 1306; x_wconf 89' lang='lat' dir='ltr'>adeo</span> <span class='ocrx_word' id='word_1_165' title='bbox 914 1269 1040 1307; x_wconf 83' lang='lat' dir='ltr'>fuisse</span> <span class='ocrx_word' id='word_1_166' title='bbox 1068 1272 1306 1320; x_wconf 89' lang='lat' dir='ltr'>correptum,</span> <span class='ocrx_word' id='word_1_167' title='bbox 1333 1272 1379 1306; x_wconf 93' lang='lat' dir='ltr'>ut</span> <span class='ocrx_word' id='word_1_168' title='bbox 1406 1273 1468 1307; x_wconf 91' lang='lat' dir='ltr'>ter</span> <span class='ocrx_word' id='word_1_169' title='bbox 1494 1270 1619 1307; x_wconf 85' lang='lat' dir='ltr'>iceret</span> <span class='ocrx_word' id='word_1_170' title='bbox 1645 1270 1879 1319; x_wconf 85' lang='lat' dir='ltr'>priusquam</span> <span class='ocrx_word' id='word_1_171' title='bbox 1899 1271 2077 1319; x_wconf 86' lang='lat' dir='ltr'>sentiret,</span> <span class='ocrx_word' id='word_1_172' title='bbox 2104 1271 2255 1309; x_wconf 88' lang='lat' dir='ltr'>hostem</span> <span class='ocrx_word' id='word_1_173' title='bbox 2277 1272 2354 1308; x_wconf 89' lang='lat' dir='ltr'>iam</span> 
     </span>
     <span class='ocr_line' id='line_1_16' title="bbox 150 1341 2355 1391; baseline 0 -10"><span class='ocrx_word' id='word_1_174' title='bbox 150 1354 230 1381; x_wconf 92' lang='lat' dir='ltr'>non</span> <span class='ocrx_word' id='word_1_175' title='bbox 258 1343 408 1381; x_wconf 85' lang='lat' dir='ltr'>adesse.</span> <span class='ocrx_word' id='word_1_176' title='bbox 462 1341 603 1390; x_wconf 87' lang='lat' dir='ltr'>Neque</span> <span class='ocrx_word' id='word_1_177' title='bbox 630 1342 810 1380; x_wconf 89' lang='lat' dir='ltr'>Achilles</span> <span class='ocrx_word' id='word_1_178' title='bbox 836 1341 939 1381; x_wconf 88' lang='lat' dir='ltr'>vidit</span> <span class='ocrx_word' id='word_1_179' title='bbox 966 1342 1090 1380; x_wconf 90' lang='lat' dir='ltr'>ullam</span> <span class='ocrx_word' id='word_1_180' title='bbox 1117 1354 1254 1380; x_wconf 88' lang='lat' dir='ltr'>veram</span> <span class='ocrx_word' id='word_1_181' title='bbox 1279 1341 1488 1391; x_wconf 81' lang='lat' dir='ltr'>nebulam,</span> <span class='ocrx_word' id='word_1_182' title='bbox 1514 1354 1646 1391; x_wconf 91' lang='lat' dir='ltr'>neque</span> <span class='ocrx_word' id='word_1_183' title='bbox 1673 1342 1731 1380; x_wconf 89' lang='lat' dir='ltr'>dii</span> <span class='ocrx_word' id='word_1_184' title='bbox 1766 1342 1816 1380; x_wconf 87' lang='lat' dir='ltr'>ad</span> <span class='ocrx_word' id='word_1_185' title='bbox 1849 1343 2087 1380; x_wconf 88' lang='lat' dir='ltr'>occulendos</span> <span class='ocrx_word' id='word_1_186' title='bbox 2120 1344 2256 1382; x_wconf 82' lang='lat' dir='ltr'>hero&#39;e‘s</span> <span class='ocrx_word' id='word_1_187' title='bbox 2287 1356 2355 1382; x_wconf 90' lang='lat' dir='ltr'>ne-</span> 
     </span>
     <span class='ocr_line' id='line_1_17' title="bbox 151 1405 2354 1470; baseline 0 -16"><span class='ocrx_word' id='word_1_188' title='bbox 151 1415 245 1455; x_wconf 91' lang='lat' dir='ltr'>bula</span> <span class='ocrx_word' id='word_1_189' title='bbox 271 1415 505 1470; x_wconf 85' lang='lat' dir='ltr'>utebantur,</span> <span class='ocrx_word' id='word_1_190' title='bbox 539 1414 610 1454; x_wconf 89' lang='lat' dir='ltr'>sed</span> <span class='ocrx_word' id='word_1_191' title='bbox 636 1415 847 1467; x_wconf 86' lang='lat' dir='ltr'>repentina</span> <span class='ocrx_word' id='word_1_192' title='bbox 873 1414 1085 1454; x_wconf 87' lang='lat' dir='ltr'>amotione.</span> <span class='ocrx_word' id='word_1_193' title='bbox 1139 1405 1269 1461; x_wconf 79' lang='lat' dir='ltr'>Quam</span> <span class='ocrx_word' id='word_1_194' title='bbox 1296 1418 1342 1454; x_wconf 88' lang='lat' dir='ltr'>ut</span> <span class='ocrx_word' id='word_1_195' title='bbox 1368 1415 1564 1455; x_wconf 90' lang='lat' dir='ltr'>indicaret</span> <span class='ocrx_word' id='word_1_196' title='bbox 1589 1420 1673 1455; x_wconf 89' lang='lat' dir='ltr'>tam</span> <span class='ocrx_word' id='word_1_197' title='bbox 1701 1415 1832 1454; x_wconf 90' lang='lat' dir='ltr'>subito</span> <span class='ocrx_word' id='word_1_198' title='bbox 1867 1427 1955 1455; x_wconf 90' lang='lat' dir='ltr'>esse</span> <span class='ocrx_word' id='word_1_199' title='bbox 1987 1415 2152 1466; x_wconf 88' lang='lat' dir='ltr'>factam,</span> <span class='ocrx_word' id='word_1_200' title='bbox 2186 1421 2230 1455; x_wconf 93' lang='lat' dir='ltr'>ut</span> <span class='ocrx_word' id='word_1_201' title='bbox 2261 1429 2354 1466; x_wconf 93' lang='lat' dir='ltr'>quo-</span> 
     </span>
     <span class='ocr_line' id='line_1_18' title="bbox 150 1487 2355 1540; baseline 0 -14"><span class='ocrx_word' id='word_1_202' title='bbox 150 1489 266 1526; x_wconf 91' lang='lat' dir='ltr'>modo</span> <span class='ocrx_word' id='word_1_203' title='bbox 294 1493 401 1527; x_wconf 88' lang='lat' dir='ltr'>esset</span> <span class='ocrx_word' id='word_1_204' title='bbox 426 1489 534 1526; x_wconf 87' lang='lat' dir='ltr'>facta</span> <span class='ocrx_word' id='word_1_205' title='bbox 560 1489 726 1526; x_wconf 88' lang='lat' dir='ltr'>humani</span> <span class='ocrx_word' id='word_1_206' title='bbox 751 1488 949 1539; x_wconf 88' lang='lat' dir='ltr'>effugeret</span> <span class='ocrx_word' id='word_1_207' title='bbox 975 1488 1082 1526; x_wconf 86' lang='lat' dir='ltr'>oculi</span> <span class='ocrx_word' id='word_1_208' title='bbox 1110 1489 1258 1537; x_wconf 83' lang='lat' dir='ltr'>aciem,</span> <span class='ocrx_word' id='word_1_209' title='bbox 1292 1500 1435 1540; x_wconf 88' lang='lat' dir='ltr'>corpus</span> <span class='ocrx_word' id='word_1_210' title='bbox 1462 1492 1640 1527; x_wconf 90' lang='lat' dir='ltr'>amotum</span> <span class='ocrx_word' id='word_1_211' title='bbox 1668 1501 1691 1527; x_wconf 86' lang='lat' dir='ltr'>a</span> <span class='ocrx_word' id='word_1_212' title='bbox 1716 1492 1835 1540; x_wconf 72' lang='lat' dir='ltr'>poeta</span> <span class='ocrx_word' id='word_1_213' title='bbox 1861 1487 2006 1527; x_wconf 89' lang='lat' dir='ltr'>nebula</span> <span class='ocrx_word' id='word_1_214' title='bbox 2035 1489 2257 1527; x_wconf 82' lang='lat' dir='ltr'>involutum</span> <span class='ocrx_word' id='word_1_215' title='bbox 2283 1489 2355 1527; x_wconf 89' lang='lat' dir='ltr'>fin-</span> 
     </span>
     <span class='ocr_line' id='line_1_19' title="bbox 149 1559 2354 1613; baseline -0 -13"><span class='ocrx_word' id='word_1_216' title='bbox 149 1564 274 1613; x_wconf 85' lang='lat' dir='ltr'>gitur,</span> <span class='ocrx_word' id='word_1_217' title='bbox 307 1574 388 1601; x_wconf 91' lang='lat' dir='ltr'>non</span> <span class='ocrx_word' id='word_1_218' title='bbox 415 1563 520 1611; x_wconf 93' lang='lat' dir='ltr'>quod</span> <span class='ocrx_word' id='word_1_219' title='bbox 546 1559 656 1600; x_wconf 86' lang='lat' dir='ltr'>illius</span> <span class='ocrx_word' id='word_1_220' title='bbox 683 1563 769 1600; x_wconf 91' lang='lat' dir='ltr'>loeo</span> <span class='ocrx_word' id='word_1_221' title='bbox 795 1562 944 1600; x_wconf 90' lang='lat' dir='ltr'>nebula</span> <span class='ocrx_word' id='word_1_222' title='bbox 972 1562 1219 1612; x_wconf 87' lang='lat' dir='ltr'>apparuerit,</span> <span class='ocrx_word' id='word_1_223' title='bbox 1248 1562 1319 1600; x_wconf 90' lang='lat' dir='ltr'>sed</span> <span class='ocrx_word' id='word_1_224' title='bbox 1346 1562 1452 1610; x_wconf 90' lang='lat' dir='ltr'>quod</span> <span class='ocrx_word' id='word_1_225' title='bbox 1485 1574 1571 1600; x_wconf 91' lang='lat' dir='ltr'>rem</span> <span class='ocrx_word' id='word_1_226' title='bbox 1605 1562 1753 1600; x_wconf 88' lang='lat' dir='ltr'>nebula</span> <span class='ocrx_word' id='word_1_227' title='bbox 1782 1563 1955 1600; x_wconf 88' lang='lat' dir='ltr'>cinctam</span> <span class='ocrx_word' id='word_1_228' title='bbox 1992 1574 2072 1599; x_wconf 87' lang='lat' dir='ltr'>non</span> <span class='ocrx_word' id='word_1_229' title='bbox 2106 1564 2354 1613; x_wconf 78' lang='lat' dir='ltr'>conspicuam</span> 
     </span>
     <span class='ocr_line' id='line_1_20' title="bbox 148 1634 2355 1687; baseline -0 -12"><span class='ocrx_word' id='word_1_230' title='bbox 148 1640 347 1687; x_wconf 87' lang='lat' dir='ltr'>putamus.</span> <span class='ocrx_word' id='word_1_231' title='bbox 411 1634 542 1681; x_wconf 83' lang='lat' dir='ltr'>Quare</span> <span class='ocrx_word' id='word_1_232' title='bbox 576 1640 638 1674; x_wconf 88' lang='lat' dir='ltr'>est</span> <span class='ocrx_word' id='word_1_233' title='bbox 673 1635 739 1674; x_wconf 88' lang='lat' dir='ltr'>ubi</span> <span class='ocrx_word' id='word_1_234' title='bbox 772 1636 1045 1686; x_wconf 74' lang='lat' dir='ltr'>poetaratione</span> <span class='ocrx_word' id='word_1_235' title='bbox 1077 1636 1237 1673; x_wconf 90' lang='lat' dir='ltr'>inversa</span> <span class='ocrx_word' id='word_1_236' title='bbox 1269 1647 1349 1673; x_wconf 93' lang='lat' dir='ltr'>non</span> <span class='ocrx_word' id='word_1_237' title='bbox 1382 1636 1514 1674; x_wconf 90' lang='lat' dir='ltr'>virum</span> <span class='ocrx_word' id='word_1_238' title='bbox 1554 1648 1787 1686; x_wconf 88' lang='lat' dir='ltr'>oppressum</span> <span class='ocrx_word' id='word_1_239' title='bbox 1820 1648 1842 1674; x_wconf 93' lang='lat' dir='ltr'>e</span> <span class='ocrx_word' id='word_1_240' title='bbox 1874 1641 2091 1685; x_wconf 88' lang='lat' dir='ltr'>conspeetu</span> <span class='ocrx_word' id='word_1_241' title='bbox 2125 1637 2253 1685; x_wconf 85' lang='lat' dir='ltr'>tollat,</span> <span class='ocrx_word' id='word_1_242' title='bbox 2287 1637 2355 1674; x_wconf 90' lang='lat' dir='ltr'>sed</span> 
     </span>
     <span class='ocr_line' id='line_1_21' title="bbox 148 1705 2357 1759; baseline -0 -12"><span class='ocrx_word' id='word_1_243' title='bbox 148 1709 303 1747; x_wconf 84' lang='lat' dir='ltr'>hostem</span> <span class='ocrx_word' id='word_1_244' title='bbox 334 1708 621 1759; x_wconf 89' lang='lat' dir='ltr'>opprimentem</span> <span class='ocrx_word' id='word_1_245' title='bbox 658 1706 879 1746; x_wconf 87' lang='lat' dir='ltr'>luminibus</span> <span class='ocrx_word' id='word_1_246' title='bbox 918 1707 1061 1759; x_wconf 89' lang='lat' dir='ltr'>privet.</span> <span class='ocrx_word' id='word_1_247' title='bbox 1127 1705 1341 1759; x_wconf 85' lang='lat' dir='ltr'>Neptunus</span> <span class='ocrx_word' id='word_1_248' title='bbox 1381 1708 1544 1757; x_wconf 92' lang='lat' dir='ltr'>quidem</span> <span class='ocrx_word' id='word_1_249' title='bbox 1584 1708 1720 1747; x_wconf 90' lang='lat' dir='ltr'>oculos</span> <span class='ocrx_word' id='word_1_250' title='bbox 1760 1711 1945 1746; x_wconf 86' lang='lat' dir='ltr'>occaecat</span> <span class='ocrx_word' id='word_1_251' title='bbox 1977 1708 2149 1746; x_wconf 85' lang='lat' dir='ltr'>Achillis</span> <span class='ocrx_word' id='word_1_252' title='bbox 2180 1708 2357 1747; x_wconf 85' lang='lat' dir='ltr'>Aeneam</span> 
     </span>
     <span class='ocr_line' id='line_1_22' title="bbox 147 1780 2355 1833; baseline 0 -14"><span class='ocrx_word' id='word_1_253' title='bbox 147 1781 364 1819; x_wconf 86' lang='lat' dir='ltr'>mortiferis</span> <span class='ocrx_word' id='word_1_254' title='bbox 392 1782 479 1820; x_wconf 92' lang='lat' dir='ltr'>eius</span> <span class='ocrx_word' id='word_1_255' title='bbox 508 1785 718 1833; x_wconf 86' lang='lat' dir='ltr'>erepturus</span> <span class='ocrx_word' id='word_1_256' title='bbox 745 1780 942 1831; x_wconf 87' lang='lat' dir='ltr'>manibus,</span> <span class='ocrx_word' id='word_1_257' title='bbox 976 1792 1097 1830; x_wconf 88' lang='lat' dir='ltr'>quem</span> <span class='ocrx_word' id='word_1_258' title='bbox 1123 1792 1204 1818; x_wconf 91' lang='lat' dir='ltr'>uno</span> <span class='ocrx_word' id='word_1_259' title='bbox 1228 1781 1382 1832; x_wconf 90' lang='lat' dir='ltr'>impetu</span> <span class='ocrx_word' id='word_1_260' title='bbox 1409 1793 1463 1820; x_wconf 84' lang='lat' dir='ltr'>ex</span> <span class='ocrx_word' id='word_1_261' title='bbox 1490 1781 1622 1820; x_wconf 87' lang='lat' dir='ltr'>media</span> <span class='ocrx_word' id='word_1_262' title='bbox 1648 1783 1690 1820; x_wconf 89' lang='lat' dir='ltr'>in</span> <span class='ocrx_word' id='word_1_263' title='bbox 1717 1781 1976 1820; x_wconf 80' lang='lat' dir='ltr'>novissimam</span> <span class='ocrx_word' id='word_1_264' title='bbox 2004 1781 2194 1820; x_wconf 83' lang='lat' dir='ltr'>transfert</span> <span class='ocrx_word' id='word_1_265' title='bbox 2219 1782 2355 1820; x_wconf 82' lang='lat' dir='ltr'>aciem.</span> 
     </span>
     <span class='ocr_line' id='line_1_23' title="bbox 147 1854 2354 1905; baseline -0 -12"><span class='ocrx_word' id='word_1_266' title='bbox 147 1854 207 1893; x_wconf 90' lang='lat' dir='ltr'>Re</span> <span class='ocrx_word' id='word_1_267' title='bbox 238 1859 374 1893; x_wconf 90' lang='lat' dir='ltr'>tamen</span> <span class='ocrx_word' id='word_1_268' title='bbox 400 1867 496 1892; x_wconf 76' lang='lat' dir='ltr'>vera</span> <span class='ocrx_word' id='word_1_269' title='bbox 514 1854 684 1892; x_wconf 91' lang='lat' dir='ltr'>Achillis</span> <span class='ocrx_word' id='word_1_270' title='bbox 711 1855 818 1892; x_wconf 78' lang='lat' dir='ltr'>oculi</span> <span class='ocrx_word' id='word_1_271' title='bbox 845 1859 930 1892; x_wconf 91' lang='lat' dir='ltr'>tum</span> <span class='ocrx_word' id='word_1_272' title='bbox 957 1866 1037 1892; x_wconf 92' lang='lat' dir='ltr'>non</span> <span class='ocrx_word' id='word_1_273' title='bbox 1065 1855 1194 1903; x_wconf 82' lang='lat' dir='ltr'>magis</span> <span class='ocrx_word' id='word_1_274' title='bbox 1220 1859 1336 1892; x_wconf 88' lang='lat' dir='ltr'>erant</span> <span class='ocrx_word' id='word_1_275' title='bbox 1362 1857 1573 1905; x_wconf 86' lang='lat' dir='ltr'>occaecati,</span> <span class='ocrx_word' id='word_1_276' title='bbox 1602 1867 1722 1903; x_wconf 88' lang='lat' dir='ltr'>quam</span> <span class='ocrx_word' id='word_1_277' title='bbox 1751 1855 1873 1892; x_wconf 89' lang='lat' dir='ltr'>amoti</span> <span class='ocrx_word' id='word_1_278' title='bbox 1900 1855 1960 1892; x_wconf 88' lang='lat' dir='ltr'>illi</span> <span class='ocrx_word' id='word_1_279' title='bbox 1986 1855 2126 1892; x_wconf 75' lang='lat' dir='ltr'>heroes</span> <span class='ocrx_word' id='word_1_280' title='bbox 2149 1856 2189 1892; x_wconf 90' lang='lat' dir='ltr'>in</span> <span class='ocrx_word' id='word_1_281' title='bbox 2211 1854 2354 1892; x_wconf 91' lang='lat' dir='ltr'>nubem</span> 
     </span>
     <span class='ocr_line' id='line_1_24' title="bbox 148 1925 2356 1977; baseline 0 -13"><span class='ocrx_word' id='word_1_282' title='bbox 148 1926 339 1973; x_wconf 71' lang='lat' dir='ltr'>involuti,</span> <span class='ocrx_word' id='word_1_283' title='bbox 367 1929 408 1963; x_wconf 92' lang='lat' dir='ltr'>et</span> <span class='ocrx_word' id='word_1_284' title='bbox 435 1926 508 1963; x_wconf 92' lang='lat' dir='ltr'>hoc</span> <span class='ocrx_word' id='word_1_285' title='bbox 536 1929 576 1964; x_wconf 91' lang='lat' dir='ltr'>et</span> <span class='ocrx_word' id='word_1_286' title='bbox 604 1925 704 1964; x_wconf 90' lang='lat' dir='ltr'>illud</span> <span class='ocrx_word' id='word_1_287' title='bbox 732 1939 755 1964; x_wconf 89' lang='lat' dir='ltr'>a</span> <span class='ocrx_word' id='word_1_288' title='bbox 780 1929 899 1977; x_wconf 77' lang='lat' dir='ltr'>poeta</span> <span class='ocrx_word' id='word_1_289' title='bbox 922 1925 1108 1976; x_wconf 88' lang='lat' dir='ltr'>fingitur,</span> <span class='ocrx_word' id='word_1_290' title='bbox 1141 1930 1187 1963; x_wconf 93' lang='lat' dir='ltr'>ut</span> <span class='ocrx_word' id='word_1_291' title='bbox 1214 1937 1261 1963; x_wconf 89' lang='lat' dir='ltr'>eo</span> <span class='ocrx_word' id='word_1_292' title='bbox 1289 1926 1434 1965; x_wconf 91' lang='lat' dir='ltr'>melius</span> <span class='ocrx_word' id='word_1_293' title='bbox 1461 1939 1617 1965; x_wconf 88' lang='lat' dir='ltr'>summa</span> <span class='ocrx_word' id='word_1_294' title='bbox 1641 1927 1853 1965; x_wconf 88' lang='lat' dir='ltr'>amotionis</span> <span class='ocrx_word' id='word_1_295' title='bbox 1881 1926 2066 1964; x_wconf 86' lang='lat' dir='ltr'>celeritas</span> <span class='ocrx_word' id='word_1_296' title='bbox 2086 1926 2356 1964; x_wconf 80' lang='lat' dir='ltr'>evanescendo</span> 
     </span>
     <span class='ocr_line' id='line_1_25' title="bbox 149 1998 784 2050; baseline 0 -13"><span class='ocrx_word' id='word_1_297' title='bbox 149 2000 293 2037; x_wconf 91' lang='lat' dir='ltr'>similis</span> <span class='ocrx_word' id='word_1_298' title='bbox 319 1998 504 2037; x_wconf 89' lang='lat' dir='ltr'>sensibus</span> <span class='ocrx_word' id='word_1_299' title='bbox 531 2000 784 2050; x_wconf 88' lang='lat' dir='ltr'>percipiatur.</span> 
     </span>
    </p>

    <p class='ocr_par' dir='ltr' id='par_1_5' title="bbox 142 2070 2354 2926">
     <span class='ocr_line' id='line_1_26' title="bbox 334 2070 2354 2122; baseline 0 -13"><span class='ocrx_word' id='word_1_300' title='bbox 334 2071 550 2109; x_wconf 89' lang='lat' dir='ltr'>Homerica</span> <span class='ocrx_word' id='word_1_301' title='bbox 575 2075 711 2110; x_wconf 87' lang='lat' dir='ltr'>autem</span> <span class='ocrx_word' id='word_1_302' title='bbox 737 2070 885 2110; x_wconf 90' lang='lat' dir='ltr'>nebula</span> <span class='ocrx_word' id='word_1_303' title='bbox 911 2071 982 2109; x_wconf 88' lang='lat' dir='ltr'>illa</span> <span class='ocrx_word' id='word_1_304' title='bbox 1007 2072 1180 2122; x_wconf 89' lang='lat' dir='ltr'>pictores</span> <span class='ocrx_word' id='word_1_305' title='bbox 1208 2084 1288 2109; x_wconf 90' lang='lat' dir='ltr'>non</span> <span class='ocrx_word' id='word_1_306' title='bbox 1316 2071 1434 2110; x_wconf 92' lang='lat' dir='ltr'>modo</span> <span class='ocrx_word' id='word_1_307' title='bbox 1461 2071 1605 2110; x_wconf 89' lang='lat' dir='ltr'>iisdem</span> <span class='ocrx_word' id='word_1_308' title='bbox 1639 2072 1933 2110; x_wconf 88' lang='lat' dir='ltr'>conditionibus</span> <span class='ocrx_word' id='word_1_309' title='bbox 1967 2073 2030 2109; x_wconf 84' lang='lat' dir='ltr'>usi</span> <span class='ocrx_word' id='word_1_310' title='bbox 2065 2076 2178 2121; x_wconf 86' lang='lat' dir='ltr'>sunt,</span> <span class='ocrx_word' id='word_1_311' title='bbox 2212 2071 2354 2120; x_wconf 90' lang='lat' dir='ltr'>quibus</span> 
     </span>
     <span class='ocr_line' id='line_1_27' title="bbox 145 2142 2353 2197; baseline -0 -14"><span class='ocrx_word' id='word_1_312' title='bbox 145 2142 346 2184; x_wconf 87' lang='lat' dir='ltr'>Homerus</span> <span class='ocrx_word' id='word_1_313' title='bbox 373 2156 421 2183; x_wconf 89' lang='lat' dir='ltr'>ea</span> <span class='ocrx_word' id='word_1_314' title='bbox 447 2144 513 2183; x_wconf 86' lang='lat' dir='ltr'>vel</span> <span class='ocrx_word' id='word_1_315' title='bbox 540 2143 730 2184; x_wconf 85' lang='lat' dir='ltr'>utebatur</span> <span class='ocrx_word' id='word_1_316' title='bbox 754 2144 820 2183; x_wconf 88' lang='lat' dir='ltr'>vel</span> <span class='ocrx_word' id='word_1_317' title='bbox 847 2155 946 2183; x_wconf 90' lang='lat' dir='ltr'>usus</span> <span class='ocrx_word' id='word_1_318' title='bbox 971 2142 1127 2195; x_wconf 88' lang='lat' dir='ltr'>fuisset,</span> <span class='ocrx_word' id='word_1_319' title='bbox 1155 2145 1190 2183; x_wconf 92' lang='lat' dir='ltr'>si</span> <span class='ocrx_word' id='word_1_320' title='bbox 1217 2144 1314 2195; x_wconf 89' lang='lat' dir='ltr'>quid</span> <span class='ocrx_word' id='word_1_321' title='bbox 1340 2144 1406 2184; x_wconf 85' lang='lat' dir='ltr'>vel</span> <span class='ocrx_word' id='word_1_322' title='bbox 1431 2156 1512 2183; x_wconf 90' lang='lat' dir='ltr'>non</span> <span class='ocrx_word' id='word_1_323' title='bbox 1539 2156 1628 2183; x_wconf 89' lang='lat' dir='ltr'>esse</span> <span class='ocrx_word' id='word_1_324' title='bbox 1657 2145 1917 2197; x_wconf 90' lang='lat' dir='ltr'>conspicuum</span> <span class='ocrx_word' id='word_1_325' title='bbox 1943 2144 2008 2183; x_wconf 85' lang='lat' dir='ltr'>vel</span> <span class='ocrx_word' id='word_1_326' title='bbox 2029 2156 2268 2184; x_wconf 81' lang='lat' dir='ltr'>evanescere</span> <span class='ocrx_word' id='word_1_327' title='bbox 2288 2156 2353 2182; x_wconf 81' lang='lat' dir='ltr'>vo-</span> 
     </span>
     <span class='ocr_line' id='line_1_28' title="bbox 146 2217 2352 2270; baseline 0 -14"><span class='ocrx_word' id='word_1_328' title='bbox 146 2219 322 2268; x_wconf 87' lang='lat' dir='ltr'>luerunt,</span> <span class='ocrx_word' id='word_1_329' title='bbox 350 2217 420 2256; x_wconf 93' lang='lat' dir='ltr'>sed</span> <span class='ocrx_word' id='word_1_330' title='bbox 447 2217 677 2268; x_wconf 88' lang='lat' dir='ltr'>ubicunque</span> <span class='ocrx_word' id='word_1_331' title='bbox 704 2219 747 2256; x_wconf 93' lang='lat' dir='ltr'>in</span> <span class='ocrx_word' id='word_1_332' title='bbox 773 2218 929 2269; x_wconf 88' lang='lat' dir='ltr'>pictura</span> <span class='ocrx_word' id='word_1_333' title='bbox 956 2230 980 2256; x_wconf 90' lang='lat' dir='ltr'>a</span> <span class='ocrx_word' id='word_1_334' title='bbox 1006 2218 1298 2269; x_wconf 88' lang='lat' dir='ltr'>spectatoribus</span> <span class='ocrx_word' id='word_1_335' title='bbox 1326 2219 1503 2270; x_wconf 91' lang='lat' dir='ltr'>conspici</span> <span class='ocrx_word' id='word_1_336' title='bbox 1530 2219 1744 2257; x_wconf 81' lang='lat' dir='ltr'>voluerunt</span> <span class='ocrx_word' id='word_1_337' title='bbox 1770 2218 1876 2268; x_wconf 91' lang='lat' dir='ltr'>quod</span> <span class='ocrx_word' id='word_1_338' title='bbox 1903 2231 1927 2257; x_wconf 90' lang='lat' dir='ltr'>a</span> <span class='ocrx_word' id='word_1_339' title='bbox 1947 2219 2128 2270; x_wconf 90' lang='lat' dir='ltr'>personis</span> <span class='ocrx_word' id='word_1_340' title='bbox 2147 2219 2264 2270; x_wconf 89' lang='lat' dir='ltr'>pictis</span> <span class='ocrx_word' id='word_1_341' title='bbox 2284 2223 2352 2257; x_wconf 81' lang='lat' dir='ltr'>aut</span> 
     </span>
     <span class='ocr_line' id='line_1_29' title="bbox 145 2278 2351 2342; baseline 0 -14"><span class='ocrx_word' id='word_1_342' title='bbox 145 2291 330 2329; x_wconf 90' lang='lat' dir='ltr'>omnibus</span> <span class='ocrx_word' id='word_1_343' title='bbox 364 2295 433 2328; x_wconf 93' lang='lat' dir='ltr'>aut</span> <span class='ocrx_word' id='word_1_344' title='bbox 467 2292 638 2341; x_wconf 76' lang='lat' dir='ltr'>singulis</span> <span class='ocrx_word' id='word_1_345' title='bbox 676 2278 757 2329; x_wconf 88' lang='lat' dir='ltr'>non</span> <span class='ocrx_word' id='word_1_346' title='bbox 798 2290 1128 2341; x_wconf 88' lang='lat' dir='ltr'>conspiciebatur.</span> <span class='ocrx_word' id='word_1_347' title='bbox 1194 2290 1377 2329; x_wconf 77' lang='lat' dir='ltr'>Minerva</span> <span class='ocrx_word' id='word_1_348' title='bbox 1416 2291 1577 2340; x_wconf 92' lang='lat' dir='ltr'>quidem</span> <span class='ocrx_word' id='word_1_349' title='bbox 1616 2291 1665 2329; x_wconf 88' lang='lat' dir='ltr'>ab</span> <span class='ocrx_word' id='word_1_350' title='bbox 1704 2292 1863 2330; x_wconf 90' lang='lat' dir='ltr'>Achille</span> <span class='ocrx_word' id='word_1_351' title='bbox 1902 2292 1985 2329; x_wconf 92' lang='lat' dir='ltr'>solo</span> <span class='ocrx_word' id='word_1_352' title='bbox 2026 2291 2351 2342; x_wconf 81' lang='lat' dir='ltr'>conspiciebatur.</span> 
     </span>
     <span class='ocr_line' id='line_1_30' title="bbox 147 2363 2351 2416; baseline -0 -14"><span class='ocrx_word' id='word_1_353' title='bbox 147 2376 238 2403; x_wconf 87' lang='lat' dir='ltr'>cum</span> <span class='ocrx_word' id='word_1_354' title='bbox 266 2376 358 2404; x_wconf 90' lang='lat' dir='ltr'>eum</span> <span class='ocrx_word' id='word_1_355' title='bbox 386 2364 596 2414; x_wconf 89' lang='lat' dir='ltr'>retinebat,</span> <span class='ocrx_word' id='word_1_356' title='bbox 623 2376 675 2403; x_wconf 91' lang='lat' dir='ltr'>ne</span> <span class='ocrx_word' id='word_1_357' title='bbox 703 2376 866 2403; x_wconf 85' lang='lat' dir='ltr'>manum</span> <span class='ocrx_word' id='word_1_358' title='bbox 894 2363 1061 2402; x_wconf 90' lang='lat' dir='ltr'>inferret</span> <span class='ocrx_word' id='word_1_359' title='bbox 1086 2364 1393 2415; x_wconf 86' lang='lat' dir='ltr'>Agamemnoni.</span> <span class='ocrx_word' id='word_1_360' title='bbox 1447 2364 1561 2410; x_wconf 85' lang='lat' dir='ltr'>Quod</span> <span class='ocrx_word' id='word_1_361' title='bbox 1588 2370 1635 2403; x_wconf 91' lang='lat' dir='ltr'>ut</span> <span class='ocrx_word' id='word_1_362' title='bbox 1661 2370 1772 2404; x_wconf 80' lang='lat' dir='ltr'>reete</span> <span class='ocrx_word' id='word_1_363' title='bbox 1799 2366 2051 2416; x_wconf 86' lang='lat' dir='ltr'>exprimatur</span> <span class='ocrx_word' id='word_1_364' title='bbox 2075 2364 2124 2403; x_wconf 88' lang='lat' dir='ltr'>ab</span> <span class='ocrx_word' id='word_1_365' title='bbox 2147 2364 2296 2402; x_wconf 89' lang='lat' dir='ltr'>artifice</span> <span class='ocrx_word' id='word_1_366' title='bbox 2318 2365 2351 2402; x_wconf 93' lang='lat' dir='ltr'>si</span> 
     </span>
     <span class='ocr_line' id='line_1_31' title="bbox 148 2436 2352 2488; baseline -0.001 -13"><span class='ocrx_word' id='word_1_367' title='bbox 148 2436 297 2486; x_wconf 85' lang='lat' dir='ltr'>Caylus</span> <span class='ocrx_word' id='word_1_368' title='bbox 324 2448 404 2475; x_wconf 92' lang='lat' dir='ltr'>non</span> <span class='ocrx_word' id='word_1_369' title='bbox 430 2436 551 2475; x_wconf 87' lang='lat' dir='ltr'>habet</span> <span class='ocrx_word' id='word_1_370' title='bbox 571 2437 678 2486; x_wconf 89' lang='lat' dir='ltr'>quod</span> <span class='ocrx_word' id='word_1_371' title='bbox 698 2436 876 2486; x_wconf 85' lang='lat' dir='ltr'>suadeat,</span> <span class='ocrx_word' id='word_1_372' title='bbox 903 2439 983 2477; x_wconf 89' lang='lat' dir='ltr'>nisi</span> <span class='ocrx_word' id='word_1_373' title='bbox 1001 2442 1049 2477; x_wconf 90' lang='lat' dir='ltr'>ut</span> <span class='ocrx_word' id='word_1_374' title='bbox 1074 2439 1144 2477; x_wconf 90' lang='lat' dir='ltr'>illa</span> <span class='ocrx_word' id='word_1_375' title='bbox 1162 2438 1344 2487; x_wconf 89' lang='lat' dir='ltr'>caeteris,</span> <span class='ocrx_word' id='word_1_376' title='bbox 1371 2438 1441 2486; x_wconf 91' lang='lat' dir='ltr'>qui</span> <span class='ocrx_word' id='word_1_377' title='bbox 1460 2438 1504 2475; x_wconf 92' lang='lat' dir='ltr'>in</span> <span class='ocrx_word' id='word_1_378' title='bbox 1523 2439 1714 2476; x_wconf 89' lang='lat' dir='ltr'>concione</span> <span class='ocrx_word' id='word_1_379' title='bbox 1733 2442 1860 2488; x_wconf 87' lang='lat' dir='ltr'>erant,</span> <span class='ocrx_word' id='word_1_380' title='bbox 1886 2438 2019 2477; x_wconf 77' lang='lat' dir='ltr'>velata</span> <span class='ocrx_word' id='word_1_381' title='bbox 2042 2437 2352 2476; x_wconf 78' lang='lat' dir='ltr'>circumdaretur</span> 
     </span>
     <span class='ocr_line' id='line_1_32' title="bbox 145 2508 2349 2562; baseline -0 -14"><span class='ocrx_word' id='word_1_382' title='bbox 145 2508 272 2560; x_wconf 88' lang='lat' dir='ltr'>nube,</span> <span class='ocrx_word' id='word_1_383' title='bbox 299 2520 461 2561; x_wconf 89' lang='lat' dir='ltr'>prorsus</span> <span class='ocrx_word' id='word_1_384' title='bbox 487 2520 568 2548; x_wconf 91' lang='lat' dir='ltr'>non</span> <span class='ocrx_word' id='word_1_385' title='bbox 593 2509 798 2560; x_wconf 88' lang='lat' dir='ltr'>intelligit,</span> <span class='ocrx_word' id='word_1_386' title='bbox 825 2510 922 2560; x_wconf 92' lang='lat' dir='ltr'>quid</span> <span class='ocrx_word' id='word_1_387' title='bbox 947 2511 1122 2551; x_wconf 83' lang='lat' dir='ltr'>voluerit</span> <span class='ocrx_word' id='word_1_388' title='bbox 1147 2513 1282 2562; x_wconf 73' lang='lat' dir='ltr'>poeta,</span> <span class='ocrx_word' id='word_1_389' title='bbox 1307 2510 1377 2560; x_wconf 89' lang='lat' dir='ltr'>qui</span> <span class='ocrx_word' id='word_1_390' title='bbox 1404 2509 1570 2550; x_wconf 86' lang='lat' dir='ltr'>deorum</span> <span class='ocrx_word' id='word_1_391' title='bbox 1596 2514 1782 2549; x_wconf 84' lang='lat' dir='ltr'>naturam</span> <span class='ocrx_word' id='word_1_392' title='bbox 1809 2510 1866 2550; x_wconf 89' lang='lat' dir='ltr'>ita</span> <span class='ocrx_word' id='word_1_393' title='bbox 1891 2509 2028 2562; x_wconf 88' lang='lat' dir='ltr'>fingit,</span> <span class='ocrx_word' id='word_1_394' title='bbox 2056 2513 2102 2549; x_wconf 91' lang='lat' dir='ltr'>ut</span> <span class='ocrx_word' id='word_1_395' title='bbox 2127 2509 2252 2549; x_wconf 90' lang='lat' dir='ltr'>oculis</span> <span class='ocrx_word' id='word_1_396' title='bbox 2278 2509 2349 2547; x_wconf 90' lang='lat' dir='ltr'>hu-</span> 
     </span>
     <span class='ocr_line' id='line_1_33' title="bbox 144 2581 2348 2636; baseline -0 -17"><span class='ocrx_word' id='word_1_397' title='bbox 144 2583 276 2620; x_wconf 83' lang='lat' dir='ltr'>manis</span> <span class='ocrx_word' id='word_1_398' title='bbox 303 2583 414 2621; x_wconf 89' lang='lat' dir='ltr'>cerni</span> <span class='ocrx_word' id='word_1_399' title='bbox 439 2594 521 2620; x_wconf 90' lang='lat' dir='ltr'>non</span> <span class='ocrx_word' id='word_1_400' title='bbox 546 2583 711 2634; x_wconf 91' lang='lat' dir='ltr'>possint.</span> <span class='ocrx_word' id='word_1_401' title='bbox 765 2581 855 2620; x_wconf 89' lang='lat' dir='ltr'>Non</span> <span class='ocrx_word' id='word_1_402' title='bbox 883 2584 1009 2635; x_wconf 86' lang='lat' dir='ltr'>igitur</span> <span class='ocrx_word' id='word_1_403' title='bbox 1034 2595 1133 2636; x_wconf 90' lang='lat' dir='ltr'>opus</span> <span class='ocrx_word' id='word_1_404' title='bbox 1160 2588 1222 2622; x_wconf 89' lang='lat' dir='ltr'>est</span> <span class='ocrx_word' id='word_1_405' title='bbox 1254 2584 1550 2634; x_wconf 87' lang='lat' dir='ltr'>occaecatione,</span> <span class='ocrx_word' id='word_1_406' title='bbox 1582 2594 1663 2621; x_wconf 89' lang='lat' dir='ltr'>non</span> <span class='ocrx_word' id='word_1_407' title='bbox 1695 2584 1919 2634; x_wconf 87' lang='lat' dir='ltr'>privatione</span> <span class='ocrx_word' id='word_1_408' title='bbox 1950 2584 2070 2633; x_wconf 87' lang='lat' dir='ltr'>lucis,</span> <span class='ocrx_word' id='word_1_409' title='bbox 2104 2586 2149 2621; x_wconf 88' lang='lat' dir='ltr'>ut</span> <span class='ocrx_word' id='word_1_410' title='bbox 2183 2582 2239 2620; x_wconf 88' lang='lat' dir='ltr'>dii</span> <span class='ocrx_word' id='word_1_411' title='bbox 2271 2592 2348 2619; x_wconf 91' lang='lat' dir='ltr'>non</span> 
     </span>
     <span class='ocr_line' id='line_1_34' title="bbox 145 2648 2348 2708; baseline -0.001 -15"><span class='ocrx_word' id='word_1_412' title='bbox 145 2659 380 2704; x_wconf 88' lang='lat' dir='ltr'>cernantur,</span> <span class='ocrx_word' id='word_1_413' title='bbox 413 2656 483 2694; x_wconf 90' lang='lat' dir='ltr'>sed</span> <span class='ocrx_word' id='word_1_414' title='bbox 511 2660 630 2694; x_wconf 85' lang='lat' dir='ltr'>aucta</span> <span class='ocrx_word' id='word_1_415' title='bbox 654 2657 766 2693; x_wconf 85' lang='lat' dir='ltr'>visus</span> <span class='ocrx_word' id='word_1_416' title='bbox 792 2657 958 2695; x_wconf 88' lang='lat' dir='ltr'>humani</span> <span class='ocrx_word' id='word_1_417' title='bbox 986 2648 1169 2696; x_wconf 81' lang='lat' dir='ltr'>claritate</span> <span class='ocrx_word' id='word_1_418' title='bbox 1195 2669 1295 2708; x_wconf 90' lang='lat' dir='ltr'>opus</span> <span class='ocrx_word' id='word_1_419' title='bbox 1318 2661 1398 2706; x_wconf 90' lang='lat' dir='ltr'>est,</span> <span class='ocrx_word' id='word_1_420' title='bbox 1430 2661 1477 2694; x_wconf 90' lang='lat' dir='ltr'>ut</span> <span class='ocrx_word' id='word_1_421' title='bbox 1509 2658 1620 2695; x_wconf 88' lang='lat' dir='ltr'>cerni</span> <span class='ocrx_word' id='word_1_422' title='bbox 1655 2658 1821 2707; x_wconf 88' lang='lat' dir='ltr'>possint.</span> <span class='ocrx_word' id='word_1_423' title='bbox 1881 2656 2039 2694; x_wconf 86' lang='lat' dir='ltr'>Nebula</span> <span class='ocrx_word' id='word_1_424' title='bbox 2071 2658 2194 2706; x_wconf 83' lang='lat' dir='ltr'>igitur</span> <span class='ocrx_word' id='word_1_425' title='bbox 2224 2655 2293 2692; x_wconf 90' lang='lat' dir='ltr'>illa</span> <span class='ocrx_word' id='word_1_426' title='bbox 2325 2667 2348 2690; x_wconf 84' lang='lat' dir='ltr'>a</span> 
     </span>
     <span class='ocr_line' id='line_1_35' title="bbox 143 2726 2348 2781; baseline -0 -16"><span class='ocrx_word' id='word_1_427' title='bbox 143 2727 295 2777; x_wconf 87' lang='lat' dir='ltr'>pictore</span> <span class='ocrx_word' id='word_1_428' title='bbox 323 2738 404 2766; x_wconf 91' lang='lat' dir='ltr'>non</span> <span class='ocrx_word' id='word_1_429' title='bbox 430 2728 559 2766; x_wconf 90' lang='lat' dir='ltr'>solum</span> <span class='ocrx_word' id='word_1_430' title='bbox 587 2727 638 2767; x_wconf 89' lang='lat' dir='ltr'>ad</span> <span class='ocrx_word' id='word_1_431' title='bbox 664 2727 875 2767; x_wconf 90' lang='lat' dir='ltr'>arbitrium</span> <span class='ocrx_word' id='word_1_432' title='bbox 907 2733 949 2768; x_wconf 92' lang='lat' dir='ltr'>et</span> <span class='ocrx_word' id='word_1_433' title='bbox 984 2733 1122 2769; x_wconf 86' lang='lat' dir='ltr'>contra</span> <span class='ocrx_word' id='word_1_434' title='bbox 1156 2731 1255 2769; x_wconf 88' lang='lat' dir='ltr'>artis</span> <span class='ocrx_word' id='word_1_435' title='bbox 1287 2733 1472 2769; x_wconf 88' lang='lat' dir='ltr'>naturam</span> <span class='ocrx_word' id='word_1_436' title='bbox 1508 2728 1738 2781; x_wconf 83' lang='lat' dir='ltr'>adhibetur,</span> <span class='ocrx_word' id='word_1_437' title='bbox 1770 2728 1840 2768; x_wconf 89' lang='lat' dir='ltr'>sed</span> <span class='ocrx_word' id='word_1_438' title='bbox 1868 2741 1917 2768; x_wconf 85' lang='lat' dir='ltr'>ea</span> <span class='ocrx_word' id='word_1_439' title='bbox 1942 2730 2065 2768; x_wconf 90' lang='lat' dir='ltr'>etiam</span> <span class='ocrx_word' id='word_1_440' title='bbox 2091 2731 2199 2767; x_wconf 89' lang='lat' dir='ltr'>caret</span> <span class='ocrx_word' id='word_1_441' title='bbox 2224 2726 2348 2766; x_wconf 85' lang='lat' dir='ltr'>subti-</span> 
     </span>
     <span class='ocr_line' id='line_1_36' title="bbox 144 2798 2347 2854; baseline 0 -17"><span class='ocrx_word' id='word_1_442' title='bbox 144 2798 276 2850; x_wconf 87' lang='lat' dir='ltr'>litate,</span> <span class='ocrx_word' id='word_1_443' title='bbox 310 2811 431 2849; x_wconf 89' lang='lat' dir='ltr'>quam</span> <span class='ocrx_word' id='word_1_444' title='bbox 458 2802 574 2852; x_wconf 85' lang='lat' dir='ltr'>signa</span> <span class='ocrx_word' id='word_1_445' title='bbox 601 2801 651 2841; x_wconf 86' lang='lat' dir='ltr'>ad</span> <span class='ocrx_word' id='word_1_446' title='bbox 677 2800 887 2841; x_wconf 88' lang='lat' dir='ltr'>arbitrium</span> <span class='ocrx_word' id='word_1_447' title='bbox 911 2801 1021 2848; x_wconf 85' lang='lat' dir='ltr'>facta</span> <span class='ocrx_word' id='word_1_448' title='bbox 1046 2802 1192 2843; x_wconf 88' lang='lat' dir='ltr'>habere</span> <span class='ocrx_word' id='word_1_449' title='bbox 1220 2802 1367 2853; x_wconf 91' lang='lat' dir='ltr'>solent,</span> <span class='ocrx_word' id='word_1_450' title='bbox 1395 2813 1487 2841; x_wconf 89' lang='lat' dir='ltr'>cum</span> <span class='ocrx_word' id='word_1_451' title='bbox 1512 2803 1686 2854; x_wconf 90' lang='lat' dir='ltr'>pictores</span> <span class='ocrx_word' id='word_1_452' title='bbox 1712 2814 1761 2842; x_wconf 86' lang='lat' dir='ltr'>ea</span> <span class='ocrx_word' id='word_1_453' title='bbox 1786 2806 1969 2854; x_wconf 87' lang='lat' dir='ltr'>utantur,</span> <span class='ocrx_word' id='word_1_454' title='bbox 1997 2805 2042 2841; x_wconf 92' lang='lat' dir='ltr'>ut</span> <span class='ocrx_word' id='word_1_455' title='bbox 2069 2805 2110 2841; x_wconf 89' lang='lat' dir='ltr'>et</span> <span class='ocrx_word' id='word_1_456' title='bbox 2137 2800 2347 2851; x_wconf 84' lang='lat' dir='ltr'>conspicua</span> 
     </span>
     <span class='ocr_line' id='line_1_37' title="bbox 142 2872 938 2926; baseline 0.006 -16"><span class='ocrx_word' id='word_1_457' title='bbox 142 2872 280 2911; x_wconf 88' lang='lat' dir='ltr'>velent</span> <span class='ocrx_word' id='word_1_458' title='bbox 305 2876 347 2911; x_wconf 90' lang='lat' dir='ltr'>et</span> <span class='ocrx_word' id='word_1_459' title='bbox 373 2885 453 2912; x_wconf 88' lang='lat' dir='ltr'>non</span> <span class='ocrx_word' id='word_1_460' title='bbox 482 2875 697 2926; x_wconf 88' lang='lat' dir='ltr'>conspicua</span> <span class='ocrx_word' id='word_1_461' title='bbox 723 2875 938 2915; x_wconf 90' lang='lat' dir='ltr'>illustrent.</span> 
     </span>
    </p>
   </div>
   <div class='ocr_carea' id='block_1_4' title="bbox 2241 3164 2282 3196">
    <p class='ocr_par' dir='ltr' id='par_1_6' title="bbox 2241 3164 2282 3196">
     <span class='ocr_line' id='line_1_38' title="bbox 2241 3164 2282 3196; baseline 0 -12"><span class='ocrx_word' id='word_1_462' title='bbox 2241 3164 2282 3196; x_wconf 68' lang='lat'>2*</span> 
     </span>
    </p>
   </div>
  </div>
 </body>
</html>
