2546 3529
1243 236 1290 271 21

178 366 288 406 enim
315 375 456 404 revera
483 360 657 401 distabat
683 360 965 412 Agamemnon
991 357 1041 398 ab
1068 357 1238 408 Achille,
1265 357 1310 406 id
1333 357 1438 408 quod
1462 358 1527 396 hic
1554 358 1639 409 ipse
1667 357 1848 408 quamvis
1875 356 2051 396 maxime
2077 356 2205 397 iratus
2230 369 2380 408 negare

178 451 258 479 non
283 440 451 489 poterat.

367 508 618 557 Quamquam
643 506 843 545 Homerus
869 516 950 543 non
976 504 1106 542 solum
1127 502 1198 541 ubi
1223 503 1266 540 in
1292 502 1625 553 descriptionibus
1660 502 1739 540 alia
1769 503 1963 552 quaedam
1994 505 2250 556 persequitur
2281 517 2377 544 con-

178 584 287 633 silia,
322 582 393 620 sed
419 582 542 619 etiam
568 580 638 619 ubi
664 579 765 618 nihil
790 578 1065 630 propositurus
1091 579 1171 626 est,
1205 576 1285 614 nisi
1311 586 1463 613 meram
1489 575 1722 624 imaginem,
1749 575 1850 614 hane
1876 576 1919 614 in
1945 577 2149 616 historiam
2174 579 2378 628 quandam

179 657 238 695 rei
269 656 496 706 propositae
531 654 752 691 involutam
787 650 968 700 exhibet,
1000 654 1046 688 ut
1077 653 1211 700 partes
1245 649 1352 697 eius,
1386 659 1486 696 quas
1513 649 1556 685 in
1583 659 1626 685 re
1650 649 1736 697 ipsa
1761 648 1880 685 aliam
1905 650 2085 688 videmus
2111 652 2226 689 iuxta
2253 652 2375 690 aliam

177 729 345 780 positas,
385 728 429 765 in
462 726 589 778 ipsius
622 725 889 776 descriptione
920 735 1001 762 non
1033 723 1167 776 minus
1199 732 1295 760 vero
1327 720 1515 759 similiter
1546 720 1625 758 alia
1658 723 1847 768 sequatur
1879 720 1998 759 aliam
2030 726 2071 761 et
2103 725 2251 774 pariter
2282 737 2375 763 cum

178 801 330 840 fluente
364 801 543 838 oratione
577 799 693 848 quasi
725 799 951 837 excurrant.
1010 794 1151 834 Veluti
1185 794 1220 832 si
1254 792 1471 845 depingere
1504 793 1593 831 vult
1618 791 1790 831 Pandari
1814 805 1967 843 arcum,
2002 806 2206 845 corneum,
2239 798 2375 836 nescio

179 876 295 912 cuius
328 872 608 923 longitudinis,
644 872 829 923 politum,
864 870 1025 908 laminis
1051 868 1256 916 utrimque
1283 867 1415 904 aureis
1442 870 1643 914 ornatum,
1676 865 1800 914 quid?
1831 877 1929 904 num
1961 868 2057 905 haec
2090 870 2238 919 omnia,
2271 882 2374 919 quae

176 947 336 999 propria
362 949 457 985 sunt
483 957 598 985 arcus
625 945 813 996 deinceps
838 943 974 982 ieiune
1002 939 1239 980 enumerat?
1267 940 1341 978 hoc
1369 937 1476 978 esset
1503 940 1675 978 hominis
1693 940 1815 978 talem
1834 952 1970 979 arcum
1993 942 2122 992 opifici
2141 943 2372 994 imperantis

178 1024 219 1059 et
246 1019 571 1072 praescribentis,
605 1030 685 1057 non
711 1021 853 1070 poetae
879 1016 1096 1067 pingentis.
1148 1014 1187 1053 A
1213 1016 1363 1052 venatu
1389 1013 1522 1064 potius
1550 1013 1708 1064 incipit,
1743 1024 1821 1063 quo
1854 1013 1967 1064 ibex,
2001 1016 2114 1053 cuius
2141 1027 2163 1053 e
2190 1016 2373 1056 cornibus

179 1106 295 1132 arcus
320 1094 451 1132 factus
478 1096 556 1140 est,
592 1104 615 1129 a
642 1091 825 1129 Pandaro
852 1091 895 1126 in
921 1087 1086 1138 rupibus
1113 1086 1329 1124 insidiante
1351 1097 1565 1136 percussus
1592 1090 1664 1124 est.
1696 1127 1701 1133 ,
1725 1085 1848 1124 Cuius
1882 1098 1905 1124 e
1938 1087 2122 1126 cornibus
2154 1100 2244 1127 eum
2273 1091 2374 1128 mira

177 1171 313 1206 essent
338 1165 635 1216 magnitudine,
676 1175 813 1202 arcum
839 1161 952 1200 iubet
978 1156 1167 1198 construi.
1227 1158 1312 1197 Iam
1348 1160 1390 1196 in
1425 1158 1610 1197 manibus
1644 1163 1739 1197 sunt
1771 1159 1942 1210 opificis,
1982 1161 2052 1209 qui
2084 1173 2132 1198 ea
2164 1164 2373 1211 connectit,

178 1252 360 1278 connexa
385 1239 503 1289 polit,
530 1238 656 1288 polita
682 1248 777 1275 auro
805 1238 929 1273 ornat.
982 1231 1207 1283 Quomodo,
1233 1236 1280 1270 ut
1306 1233 1386 1270 iam
1413 1231 1608 1281 diximus,
1636 1232 1741 1282 apud
1768 1236 1926 1282 poetam
1952 1233 2134 1271 videmus
2160 1236 2374 1284 nascentia,

177 1324 279 1362 quae
307 1313 349 1350 in
376 1313 532 1362 pictura
559 1322 640 1348 non
666 1309 863 1360 possimus
891 1306 1121 1356 conspicere
1146 1306 1226 1343 nisi
1251 1305 1439 1356 perfecta.
1495 1304 1628 1343 Verba
1655 1307 1790 1343 autem
1816 1304 1983 1345 Homeri
2012 1307 2109 1345 haec
2137 1310 2246 1345 sunt:

712 1403 763 1410 —
791 1403 841 1408 —
869 1402 919 1408 -—
950 1378 1087 1426 Τοξον
1112 1377 1274 1426 εὐξοον,
1303 1378 1441 1426 ἰξαλου
1470 1377 1586 1427 αἶγος

712 1449 892 1503 Ἀγριου,
922 1447 973 1491 όν
999 1465 1053 1500 pa
1078 1446 1165 1489 ποτ’
1186 1445 1330 1497 αὐτος,
1350 1445 1433 1489 ὑπο
1456 1459 1640 1499 στερνοιο
1662 1459 1846 1500 τυχησας,

713 1528 873 1575 Πετρης
897 1523 1136 1575 ἑκβαινοντα
1164 1523 1402 1574 δεδεγμενος
1428 1521 1472 1562 ἐν
1498 1523 1751 1575 προδοκῃσιν

712 1600 902 1650 Βεβληκει
927 1611 1032 1647 προς
1059 1600 1211 1648 στηθος
1238 1609 1246 1618 ·
1275 1590 1483 1643 ὁδ’ὖπτιος
1508 1594 1650 1646 ἔμπεσε
1675 1610 1795 1648 napy]

715 1674 803 1711 Tov
829 1684 928 1719 κερα
954 1669 997 1709 ἐκ
1022 1671 1198 1720 κεφαλης
1224 1667 1548 1719 ἕκκαιδεκαδωρα
1573 1671 1743 1720 πεφύκει

711 1747 792 1784 Και
817 1758 866 1783 τα
892 1757 965 1794 μεν
992 1738 1173 1792 ἀσκησας
1198 1742 1424 1790 κεραοξοος
1449 1736 1578 1793 η’ραρε
1604 1756 1760 1791 tentam,

709 1820 805 1858 Παν
834 1811 918 1857 δἐιῖ
943 1818 1113 1867 λειηνας,
1138 1826 1314 1867 χρυσεην
1339 1814 1507 1866 ἑπε-θηκε
1532 1831 1731 1868 κορωνην.

176 1894 273 1932 Dies
300 1905 365 1931 me
405 1893 610 1942 deficeret,
654 1893 688 1929 si
721 1892 854 1928 omnia
887 1888 1163 1928 huiuscemodi
1200 1885 1385 1940 exempla
1418 1890 1564 1928 vellem
1597 1902 1822 1941 excerpere.
1890 1889 2000 1935 Quae
2041 1901 2185 1940 magno
2225 1894 2379 1941 praesto

175 1971 270 2005 sunt
297 1978 463 2004 numero
491 1967 541 2010 ei,
569 1966 637 2014 qui
665 1964 829 2002 Homeri
857 1964 1034 2001 carmina
1062 1962 1164 2000 bene
1191 1963 1358 2000 noverit.

1206 2220 1337 2260 XVII.

361 2340 545 2379 Forsitan
573 2341 772 2391 quispiam
799 2339 964 2389 dixerit,
998 2340 1130 2389 signa,
1165 2338 1310 2387 quibus
1338 2342 1504 2376 utantur
1529 2342 1688 2390 poetae,
1716 2351 1794 2377 non
1823 2339 1952 2378 solum
1980 2339 2089 2382 aliud
2116 2341 2231 2388 sequi
2255 2339 2374 2388 aliud,

170 2414 240 2452 sed
269 2414 392 2452 etiam
421 2413 470 2452 ad
497 2412 706 2452 arbitrium
734 2413 843 2463 fingi.
898 2411 1009 2458 Quae
1036 2423 1128 2450 cum
1155 2411 1212 2450 ita
1241 2412 1332 2462 sint,
1359 2411 1446 2450 fieri
1473 2424 1569 2451 sane
1597 2424 1723 2464 posse,
1751 2416 1796 2451 ut
1824 2414 1952 2462 signis
1972 2413 2052 2452 illis
2073 2425 2246 2464 corpora,
2272 2425 2374 2462 quae

169 2488 348 2525 existant
382 2488 424 2524 in
458 2487 603 2537 spatio,
645 2485 932 2524 describantur.
1002 2485 1138 2535 Atque
1172 2484 1277 2536 apud
1308 2484 1530 2523 Homerum
1564 2486 1694 2537 ipsum
1728 2490 1886 2526 exstare
1921 2486 2149 2526 huiusmodi
2180 2485 2372 2537 exempla.

175 2560 299 2598 Cuius
327 2561 361 2598 si
389 2561 479 2609 quis
505 2561 545 2597 in
574 2561 807 2598 memoriam
834 2558 912 2597 sibi
938 2562 1100 2597 revocet
1126 2559 1435 2609 descriptionem
1461 2559 1591 2610 clypei
1618 2560 1810 2610 Achillei,
1838 2572 1930 2599 eum
1958 2561 2188 2612 exemplum
2215 2560 2368 2608 habere,

173 2645 252 2682 quo
279 2633 580 2672 evidentissime
607 2632 819 2684 probatum
847 2633 911 2682 sit,
939 2643 1059 2681 quam
1088 2633 1264 2683 copiose,
1292 2643 1492 2681 quamque
1517 2634 1673 2683 poetice
1700 2645 1832 2671 rerum
1860 2635 2108 2684 singularum
2135 2638 2267 2685 partes
2293 2633 2370 2671 alia

173 2707 287 2744 iuxta
317 2706 436 2744 aliam
463 2706 617 2756 positae
645 2706 799 2756 possint
824 2704 1008 2743 describi.

361 2778 587 2827 Utrumque
615 2779 695 2817 iam
721 2778 914 2817 refellam.
968 2777 1082 2817 Duae
1109 2779 1217 2817 enim
1244 2782 1339 2817 sunt
1373 2790 1455 2829 res,
1489 2790 1588 2828 quas
1621 2779 1690 2817 ille
1724 2781 1905 2830 opponit,
1939 2792 2018 2819 non
2052 2792 2142 2818 una.
2194 2777 2294 2817 Nam
2329 2782 2370 2816 et

170 2852 280 2888 recta
307 2851 510 2889 conclusio
537 2864 609 2902 per
635 2864 679 2890 se
705 2852 771 2890 vel
798 2842 885 2890 sine
913 2852 1098 2902 exemplo
1124 2852 1232 2890 valet
1258 2855 1299 2890 et
1326 2852 1557 2902 exemplum
1577 2854 1709 2903 ipsum
1729 2853 1779 2891 ab
1798 2853 1974 2892 Homero
1995 2854 2163 2904 petitum
2183 2863 2366 2901 magnam

169 2923 293 2962 habet
319 2924 611 2974 auctoritatem,
640 2925 798 2962 etiamsi
824 2924 1033 2963 nulladum
1060 2924 1317 2962 conclusione
1346 2925 1399 2963 sit
1425 2925 1735 2975 comprobatum.

360 2993 508 3045 Negari
537 3007 633 3034 sane
661 3009 740 3035 non
770 3001 914 3048 potest,
940 3009 1033 3036 cum
1060 2998 1176 3049 signa
1201 2998 1391 3037 orationis
1418 2998 1468 3037 ad
1494 2998 1703 3038 arbitrium
1729 2999 1946 3051 fingantur,
1979 2999 2064 3038 fieri
2093 3009 2218 3049 posse,
2244 3000 2291 3035 ut
2318 2996 2369 3036 iis

169 3073 303 3122 partes
331 3068 504 3118 eorporis
531 3068 611 3106 alia
629 3074 728 3119 post
755 3071 877 3110 aliam
910 3069 1204 3122 describantur,
1238 3082 1342 3120 quae
1373 3083 1513 3110 revera
1547 3073 1625 3111 alia
1659 3073 1774 3111 iuxta
1806 3073 1924 3112 aliam
1958 3073 2108 3123 positae
2140 3074 2368 3109 cernuntur.

2261 3143 2301 3175 3*
