2546 3529
1250 308 1297 341 19

697 420 803 479 Ἥβη
831 422 968 478 δ’ἄμφ’
996 421 1152 477 ὀχεεσσι
1175 430 1294 483 Ιβοως
1313 426 1414 478 Bake
1438 430 1621 478 καμπυλα
1646 431 1768 467 uma-a

705 502 848 551 χαλκεα
875 494 1114 551 ὀκτακνημα,
1142 499 1315 550 σιδηρεω
1344 494 1459 548 ἄξονι
1484 496 1610 551 ἀμφις

701 575 804 619 ΔΤοου
828 566 920 623 ἤτοι
943 583 1091 624 χρυοεη
1119 572 1204 618 tvvs
1229 559 1424 624 ἄφθιτος,
1453 566 1579 621 vetitae
1605 567 1782 622 ὕπερθεν

704 640 831 695 χαλκέ
857 644 1092 694 {unwanum
1120 658 1419 696 προςαρηροτα,
1446 648 1589 695 θαυμα
1616 644 1782 684 ι’δεσθαι.

706 720 893 768 Πλημναι
919 712 1142 768 δ’ἆργυρου
1170 718 1245 757 εἰσι
1264 719 1508 768 περιδρομοι
1533 713 1835 768 ἀμφοτερωθεν.

626 782 634 791 ’
706 794 872 841 Διφρος
901 792 945 830 δε
967 801 1177 842 χρυσεοισι
1202 806 1269 830 και
1296 786 1556 841 ἅργυρεοισιν
1582 790 1716 839 cnam
1811 791 1822 802 ⁰

704 858 916 903 Ἐνι-εταται
942 864 1053 903 δοιαι
1080 864 1124 903 δε
1150 864 1394 914 περιδρομοι
1421 859 1588 914 ἄντυγες
1618 862 1701 901 εἰσι.

707 938 796 975 Του
824 932 902 985 δ’ἐξ
929 931 1131 987 ἀργύρεος
1156 936 1289 987 ὁυμος
1314 939 1438 976 πελεν.
1465 931 1592 986 αὖταρ
1619 935 1668 975 ἐπ
1692 929 1802 989 ἄκρῳ

704 1012 816 1059 Δησε
839 1019 1032 1058 χρυσειον
1056 1011 1181 1048 καλου
1206 1011 1343 1059 ζυγον,
1369 1007 1414 1047 ἐν
1441 1009 1485 1047 δε
1511 997 1687 1047 λεπαδνοι

703 1075 802 1120 Καλ’
830 1079 958 1131 ἔβαλε,
983 1091 1149 1132 χρυσεια
1175 1104 1227 1111 —
1253 1106 1303 1111 -
1331 1104 1382 1110 —

172 1155 216 1193 Si
240 1154 440 1193 Homerus
465 1154 809 1205 Agamemnonem
836 1157 1129 1193 monstraturus
1156 1158 1229 1205 est,
1257 1166 1335 1204 quo
1361 1166 1459 1194 usus
1486 1156 1539 1193 sit
1564 1155 1725 1203 vestitu,
1752 1165 1889 1204 regem
1915 1158 2109 1193 monstrat
2125 1160 2255 1194 vestes
2279 1157 2360 1194 sin-

171 1227 287 1277 gulas
326 1227 577 1277 induentem,
617 1226 778 1264 mollem
819 1227 1014 1277 tunicam,
1055 1227 1181 1265 latum
1214 1228 1400 1279 pallium,
1439 1227 1577 1278 pulcra
1609 1226 1895 1277 calceamenta,
1933 1238 2082 1265 ensem.
2141 1225 2225 1273 Quo
2256 1227 2361 1267 facto

171 1304 376 1353 promptus
402 1304 643 1353 paratusque
671 1285 873 1351 sceptrum
898 1301 1119 1352 prehendit.
1174 1302 1319 1341 Vestes
1352 1302 1493 1353 igitur,
1526 1300 1665 1350 quales
1690 1301 1859 1351 fuerint,
1893 1304 2087 1340 monstrat
2118 1306 2233 1352 poeta
2264 1304 2361 1340 acti·

170 1386 288 1414 onem
315 1374 543 1413 describens
570 1373 780 1413 vestiendi.
833 1374 950 1413 Alius
975 1374 1144 1414 fortasse
1171 1376 1369 1427 quispiam
1403 1375 1576 1414 vestium
1608 1374 1673 1413 vel
1706 1374 1892 1413 minimos
1923 1374 2045 1412 cirros
2078 1372 2362 1425 descripsisset,

170 1449 369 1486 actionem
395 1458 555 1498 prorsus
581 1447 839 1498 neglexisset.
892 1447 948 1485 At
973 1446 1173 1487 Homerus
1199 1449 1315 1487 haec:
1379 1493 1395 1513 9

703 1540 756 1547 —
790 1541 827 1546 -
861 1519 1062 1559 Μαλακον
1089 1517 1268 1560 δ’ἐνδυνε
1292 1534 1449 1571 χιτωνα,

703 1592 853 1639 Kal-ov,
879 1606 1084 1641 νηγατεον,
1112 1607 1202 1642 περι
1229 1588 1319 1632 δἀὕ
1345 1607 1444 1643 μεγα
1469 1594 1633 1642 βαλλετο
1663 1604 1809 1640 φαρος.

662 1698 667 1703 .
702 1665 840 1703 Ποσσι
867 1658 984 1704 δ’ὐπο
1011 1666 1239 1714 λιπαροισιν
1264 1664 1434 1717 ἐδησατο
1461 1665 1562 1704 καλα
1587 1663 1735 1702 πεδιλα.

702 1731 821 1786 Ἀμφι
849 1732 937 1785 δ’ἆρ
964 1733 1137 1787 ω’μοισιν
1161 1740 1304 1788 βαλετο
1334 1739 1455 1788 ξιφος
1482 1723 1754 1787 ἀργυροηλον,

701 1808 840 1847 Εᾶετο
869 1809 913 1847 δε
941 1819 1142 1859 σκηπτρον
1167 1823 1374 1861 πατρωιον
1400 1805 1578 1860 ἄφθιτον
1605 1809 1689 1847 αἰει.

169 1878 293 1918 Cuius
329 1879 491 1930 sceptri,
525 1879 599 1917 hoc
631 1879 717 1919 loeo
748 1882 907 1932 paterni
943 1885 984 1921 et
1016 1884 1200 1934 perpetui
1230 1883 1444 1933 nominati,
1477 1886 1523 1921 ut
1556 1883 1687 1921 simile
1721 1881 1919 1931 quoddam
1949 1881 2027 1919 alio
2060 1881 2147 1919 loco
2177 1889 2364 1931 χρυσεοις

166 1945 282 2002 ἣλοις
315 1941 571 2002 πεπαρμενον
603 1953 628 1991 i.
657 1964 690 1991 e.
719 1955 850 1993 aureis
883 1954 1118 1994 transfixam
1151 1956 1274 1996 clavis
1306 1956 1552 2006 nominatur,
1586 1956 1704 1994 huius
1728 1954 1891 2005 sceptri,
1925 1954 2106 2004 inquam,
2139 1954 2363 2005 gravissimi

169 2024 456 2084 accuratiorem
489 2024 858 2076 distinctioremque
892 2029 927 2066 si
959 2030 1234 2080 propositurus
1275 2033 1336 2068 est
1373 2029 1698 2080 descriptionem,
1738 2027 1835 2077 quid
1874 2030 1976 2065 tum·
1991 2026 2218 2065 Homerus?
2259 2026 2295 2065 Ν
2297 2039 2367 2065 um-

169 2100 328 2148 praeter
353 2108 494 2136 aureos
520 2098 666 2148 clavos,
692 2100 849 2150 lignum
875 2102 996 2140 etiam
1024 2103 1142 2151 quale
1167 2102 1301 2152 fuerit,
1328 2104 1481 2153 apicem
1500 2102 1713 2140 artificiose
1733 2101 1934 2151 sculptum
1952 2099 2153 2138 describit.
2207 2099 2364 2150 Optime

170 2180 268 2208 sane
295 2169 375 2208 tale
402 2170 498 2219 quid
526 2182 570 2209 se
596 2171 760 2211 haberet
785 2173 829 2211 in
852 2172 988 2213 libello
1015 2175 1191 2226 insignia
1216 2175 1423 2227 gentilicia
1448 2174 1718 2224 describente,
1751 2177 1797 2213 ut
1822 2173 1970 2225 posteri
1998 2171 2182 2224 exemplo
2207 2175 2365 2212 utentes

171 2242 280 2280 aliud
313 2244 352 2279 ei
386 2244 635 2282 simillimum
667 2245 819 2296 fingere
853 2250 1027 2297 possent.
1087 2246 1228 2297 Neque
1261 2247 1416 2303 dubito,
1450 2249 1547 2297 quin
1582 2248 1823 2286 recentiores
1860 2246 2023 2296 quidam
2062 2247 2203 2296 poetae
2244 2245 2363 2283 talem

170 2316 376 2365 praeconis
395 2316 587 2355 heraldici
605 2316 911 2369 descriptionem
929 2322 1206 2377 proposuerint
1223 2322 1519 2371 simplicissimo
1540 2321 1617 2359 sibi
1637 2320 1924 2371 persuadentes
1941 2320 2086 2369 animo,
2111 2331 2155 2357 se
2173 2311 2363 2368 pinxisse,

170 2388 317 2440 quippe
345 2399 444 2439 quos
470 2389 597 2441 pictor
621 2391 746 2442 possit
772 2392 932 2432 imitari.
986 2390 1090 2440 Quid
1117 2391 1253 2434 autem
1281 2394 1448 2435 Homeri
1473 2395 1658 2444 interest,
1693 2397 1888 2443 quantum
1913 2393 2113 2443 discrepet
2139 2405 2163 2431 a
2188 2392 2363 2442 pictore?

171 2460 477 2512 descriptionem
505 2464 754 2515 singularum
779 2466 952 2517 partium
972 2466 1182 2519 negligens
1202 2467 1408 2507 historiam
1430 2467 1577 2518 sceptri
1601 2470 1754 2515 narrat3
1781 2465 2004 2518 profectum
2022 2465 2131 2505 enim
2148 2476 2171 2505 e
2193 2464 2361 2503 Vulcani

170 2534 330 2571 officina
357 2537 528 2585 primum
555 2537 598 2573 in
626 2537 811 2576 manibus
836 2539 966 2590 fulget
991 2539 1122 2590 Jovis,
1150 2543 1237 2578 tum
1264 2539 1452 2579 Mercurii
1479 2534 1757 2578 auctoritatem
1783 2540 1912 2588 notat,
1940 2540 2027 2577 tum
2053 2538 2264 2589 imperium
2290 2535 2363 2575 Pe-

170 2607 272 2655 lopis
298 2607 490 2658 bellicosi,
517 2609 661 2647 deinde
688 2611 781 2659 pedi
808 2611 894 2648 loco
921 2615 984 2649 est
1006 2613 1052 2649 in
1072 2612 1257 2650 manibus
1271 2613 1387 2650 Atrei
1407 2612 1574 2662 pacifici,
1602 2623 1705 2660 quae
1727 2614 1960 2660 sequuntur.
2013 2610 2089 2648 His
2109 2610 2217 2648 enim
2238 2610 2366 2646 utitur

169 2678 302 2720 verbis
328 2678 545 2721 Homerus:
1606 2678 1614 2686 ‘

705 2758 922 2808 Σκηπτρον
947 2757 1059 2810 ἔχων,
1086 2774 1132 2799 το
1162 2774 1234 2812 μεν
1256 2754 1477 2812 Ἡφαιστος
1502 2774 1601 2811 καμε
1627 2774 1779 2811 τευχων

702 2825 925 2880 Ἡφαιστος
951 2846 1024 2883 μεν
1050 2833 1153 2872 davus
1179 2823 1255 2872 Διΐ
1277 2835 1486 2884 Κρονιωνι
1513 2827 1660 2872 ἄνακτι.

705 2898 846 2956 Αὕταρ
874 2900 955 2955 ἄρα
980 2908 1084 2953 Ζευς
1110 2907 1213 2947 dome
1239 2907 1439 2961 διακτορῳ
1465 2902 1736 2960 Ἆργειφοντῃ.
1751 2886 1766 2898 ἡ

702 2973 885 3030 Ἑρμειας
912 2980 956 3020 δε
984 2979 1085 3029 αναξ
1111 2980 1242 3020 δωκεν
1266 2982 1422 3020 Πελοπι
1447 2981 1664 3035 πληξιππῳ,

704 3046 845 3099 Animo
873 3047 897 3089 ὁ
926 3046 1021 3091 αὖτε
1046 3042 1189 3098 nsaw
1217 3047 1312 3091 δῶκ’
1337 3048 1472 3103 Ἀτρει,
1505 3066 1665 3104 ποιμενι
1689 3054 1809 3092 λαῶν.

704 3127 861 3173 Ατρευς
888 3125 932 3164 δε
957 3129 1149 3175 θνησκων
1176 3124 1280 3165 ἔλιπε
1306 3128 1505 3175 πολυαρνι
1532 3128 1699 3178 Θυεστῃ.
